3646 5520
545 525 737 587 chronicon
756 525 881 624 Montis
907 527 1023 588 Ollaria
1271 528 1312 590 35

742 853 821 914 VII.

289 1062 450 1140 Septimus
470 1064 567 1126 abbas
587 1065 649 1126 luit
669 1064 774 1128 irater
795 1065 991 1128 Laurentius
1005 1065 1110 1128 (lionis
1131 1066 1171 1130 de
1191 1065 1312 1140 Areti0,
1391 1073 1446 1118 V11·

252 1165 285 1228 et
299 1164 304 1248 Ι
319 1167 451 1230 duravit
477 1170 574 1232 annis
599 1170 713 1233 tribus.
742 1171 846 1232 Huius
872 1172 1017 1250 tempore
1047 1171 1233 1234 ordinatum
1261 1171 1312 1234 est
1349 1144 1486 1261 Lfflu'

252 1273 333 1351 quod
352 1273 450 1336 abbas
470 1275 553 1337 dura
568 1273 572 1356 Ι
588 1276 642 1339 ret
655 1277 749 1339 annis
769 1276 875 1340 tribus
888 1275 944 1356 (1).
959 1280 1117 1356 Tempore
1135 1278 1233 1340 etiam
1254 1293 1313 1338 suo
1341 1329 1343 1334 .
1362 1287 1471 1332 aretinus

251 1378 334 1444 lacte
354 1384 432 1444 sunt
449 1383 556 1462 alique
576 1385 833 1458 constitutiones,
853 1384 1026 1463 presertim
1043 1383 1313 1464 immutatione
1347 1355 1488 1413 (¹³⁵¹'¹³⁵⁴''

252 1484 357 1548 flenda
376 1487 533 1550 memoria
552 1490 757 1551 mortuorum
777 1490 894 1569 quater
909 1490 944 1550 in
957 1504 1053 1564 anno,
1070 1488 1074 1570 Ι
1091 1489 1127 1551 ut
1147 1490 1239 1552 modo
1260 1491 1312 1552 ob-

203 1623 212 1640 ·
251 1591 405 1654 servatur
418 1591 474 1672 (2).
495 1593 556 1655 Hic
575 1594 723 1656 mortuus
750 1596 801 1656 est
826 1595 861 1656 in
887 1581 979 1657 curia
999 1594 1150 1656 Arinioni
1166 1594 1216 1675 (o)
1234 1593 1238 1676 Ι
1255 1611 1313 1673 pro
1347 1637 1349 1642 -

252 1697 344 1759 laetis
364 1697 497 1772 ordinis,
518 1699 551 1762 et
571 1700 614 1761 ibi
636 1701 782 1779 sepultus
804 1701 854 1762 ast
876 1699 933 1781 (3).

730 1965 829 2028 VIII.

290 2175 433 2240 Octavus
453 2176 551 2238 abbas
571 2175 633 2238 luit
652 2175 758 2238 frater
777 2175 960 2254 Reynerius
981 2176 1020 2238 de
1040 2175 1142 2250 Senis,
1165 2175 1325 2250 secundo,
1385 2189 1453 2234 vm.

252 2283 284 2346 et
313 2283 446 2346 duravit
461 2282 465 2364 Ι
481 2284 584 2376 annis
603 2282 709 2346 tritus
732 2283 789 2364 (l).
813 2286 969 2361 Tempore
998 2282 1097 2345 huius
1126 2283 1212 2346 lacte
1238 2283 1316 2345 sunt
1361 2259 1480 2373 ξζᾙζζζ

252 2389 361 2468 plures
374 2389 631 2463 constitutiones,
650 2391 824 2468 presertim
839 2389 844 2471 Ι
860 2391 944 2469 quod
958 2391 1066 2452 nullus
1081 2390 1181 2469 possit
1193 2390 1316 2453 habere
1351 2396 1492 2454 pan-nn).

251 2489 421 2558 concilium
444 2491 491 2575 (o)
516 2495 632 2558 contra
658 2496 798 2558 officium
823 2495 956 2568 abbatis,
977 2500 1011 2558 et
1034 2495 1220 2558 ordinatum
1241 2493 1313 2575 esti

250 2602 306 2682 qui
323 2602 389 2664 sint
402 2617 496 2668 casus
508 2602 668 2665 reservati
683 2603 723 2664 ad
736 2619 907 2680 personam
921 2603 1054 2676 abbatis,
1065 2619 1105 2666 ao
1118 2604 1216 2666 etiam
1229 2602 1317 2666 lacte
1369 2609 1417 2654 Fol-
1437 2609 1475 2652 10’·
1570 2591 1573 2598 ’

251 2709 327 2771 sunt
347 2709 381 2772 et
401 2710 472 2770 ordi
488 2707 493 2792 Ι
509 2710 586 2772 nale
607 2710 878 2772 monasteriorum
901 2709 988 2784 taxe,
1009 2709 1132 2773 scilicet
1152 2709 1235 2790 quod
1256 2709 1315 2770 ha·
1511 2715 1518 2724 “

251 2816 350 2881 beant
369 2818 498 2880 solvere
518 2833 577 2896 pro
598 2817 768 2880 visitatore
787 2817 844 2898 (a),
866 2817 900 2880 et
920 2835 977 2896 pro
993 2817 998 2899 Ι
1014 2819 1161 2896 tempore
1180 2817 1316 2896 capituli

252 2921 433 3000 generalis;
460 2920 494 2983 et
519 2920 703 2982 ordinatum
730 2921 891 3000 estquod
921 2921 1056 3000 quilibet
1082 2923 1197 2995 irater,
1226 2919 1314 3000 nont

253 3028 411 3102 sacerdos,
439 3029 546 3090 sumat
575 3027 707 3113 saltem,
730 3029 830 3091 semel
860 3028 895 3090 in
926 3043 1044 3102 mense,
1072 3028 1313 3092 Eucharistiam

253 3135 406 3210 sanctam,
423 3133 428 3216 Ι
443 3134 477 3198 et
496 3135 560 3200 alie
580 3136 691 3216 plures
711 3135 958 3214 constitutiones
978 3137 1064 3200 lacte
1084 3135 1189 3216 sunt(
1210 3136 1233 3217 ).

290 3445 330 3526 (a)
348 3441 437 3498 Text.
466 3441 509 3496 B:
539 3441 739 3498 Aninionensi.
768 3472 804 3484 -
829 3439 868 3515 '(t)
896 3441 984 3498 Text.
1014 3441 1057 3496 B:
1091 3440 1259 3495 Consilium.
1282 3469 1317 3481 -

256 3532 292 3600 (c)
311 3529 400 3586 Text.
421 3530 465 3584 B:
490 3529 670 3586 Visitutione.
1350 3528 1353 3535 '

291 3673 329 3742 (ΙΙ
348 3670 487 3742 Eligitur
511 3671 582 3727 Kal.
608 3670 682 3728 maii
704 3671 773 3726 1351
798 3675 830 3727 et
854 3671 947 3727 durat
971 3670 1005 3726 in
1031 3670 1129 3726 officio
1155 3686 1254 3742 usque
1281 3667 1319 3724 ad

256 3758 326 3815 Kal.
347 3759 443 3815 maias
462 3759 542 3814 1354.

292 3847 332 3920 (2)
351 3845 655 3918 cf.Luucanu0rr1,
677 3863 722 3917 op.
743 3848 805 3919 ait,
825 3847 851 3917 1,
871 3846 916 3916 24,
935 3847 981 3902 25.

291 3934 331 4010 (3)
350 3933 435 3991 Obiit
461 3953 511 3990 an.
539 3935 672 4007 131361
695 3934 844 3990 humatus
871 3934 952 3990 iacet
974 3933 1007 3989 in
1032 3933 1162 3990 ecelesia
1185 3933 1319 3988 fratrum

258 4021 505 4080 Praedicatorum
524 4022 735 4080 Avinionensi.
757 4022 803 4078 ef.
821 4022 925 4078 Otron.
943 4020 1222 4094 Canceli.,fol.17';
1238 4020 1321 4076 Lun-

257 4124 419 4182 urunorrr,
440 4128 485 4182 op.
506 4112 567 4184 eia,
586 4111 612 4182 1,
632 4111 678 4166 25.

292 4197 331 4272 (4)
350 4201 377 4254 A
396 4197 544 4255 Kalendis
562 4197 635 4254 maii
654 4199 726 4254 1354
743 4215 842 4271 usque
862 4199 900 4254 ad
918 4199 990 4254 Kal.
1012 4198 1106 4255 maias
1126 4197 1205 4253 1351.

293 4287 331 4360 (5)
350 4286 413 4345 Gir.
432 4288 667 4361 unsaramma,
683 4305 726 4358 op.
739 4289 800 4360 eit,
815 4288 839 4358 Ι,
853 4289 907 4360 25Ι
926 4287 1033 4342 ΟΙινοη.
1050 4286 1184 4356 Cenasti,
1199 4284 1254 4340 fol.
1270 4284 1304 4339 18
1310 4301 1317 4355 Ι

257 4375 400 4451 anozm,
424 4376 644 4434 constitutiones
662 4376 729 4432 otiu.
749 4377 824 4432 notis
841 4377 1013 4448 illustratae,
1033 4375 1075 4448 ΙΙ,
1096 4375 1139 4448 12,
1160 4390 1190 4430 n.
1211 4375 1239 4429 9.
