3646 5520
561 577 751 640 chronicon
770 577 896 640 Montis
921 577 1037 639 Ottoeit
1291 575 1332 638 25

256 771 348 845 veti;
368 771 404 834 in
423 787 488 850 quo
511 770 578 834 tam
606 771 641 833 in
666 786 770 849 yeme,
791 785 887 850 quam
913 769 946 831 in
973 768 1086 842 estate,
1107 785 1189 848 pena
1206 768 1210 849 1
1226 768 1330 832 totum

257 878 402 940 offleinm
419 876 593 942 decantant
612 876 752 949 fratres;
773 891 817 939 ex
838 875 954 954 quibus
975 874 1084 952 aliqui,
1105 874 1175 934 tum
1196 872 1329 950 propter

257 981 420 1060 longitudi
436 980 441 1062 1
457 997 531 1044 nem
546 981 672 1053 oantus,
683 981 752 1042 tum
767 982 902 1059 propter
916 979 1120 1050 exercitium,
1134 978 1218 1056 quod
1232 978 1329 1038 nimie

259 1089 389 1166 prolixe
401 1089 599 1162 extenditur,
616 1087 621 1168 1
637 1088 706 1150 tum
727 1089 864 1166 propter
876 1087 1033 1150 ieiunium
1047 1088 1081 1148 et
1095 1085 1234 1163 vigilios,
1248 1083 1328 1161 lapsi

255 1195 453 1273 aliquotiens
463 1196 633 1268 cantando,
643 1213 700 1260 seu
715 1195 719 1276 1
732 1197 869 1275 legendo
879 1195 1067 1258 oeciderunt
1078 1194 1112 1254 in
1123 1194 1224 1254 terre.
1236 1191 1329 1252 Unde

257 1300 389 1378 quidam
411 1301 635 1365 Bartolomeus
656 1302 696 1364 de
712 1300 716 1382 1
732 1301 876 1374 Mantua,
894 1301 1075 1372 virbonus,
1096 1297 1152 1377 qui
1174 1313 1280 1374 nuper
1294 1296 1328 1356 in

256 1404 389 1467 Christo
402 1405 573 1468 defunctu·
587 1407 639 1468 est
652 1405 711 1486 (1),
733 1407 767 1468 in
785 1405 923 1467 medinm
941 1403 945 1484 1
961 1403 1139 1484 profertur,
1154 1417 1196 1463 ne
1210 1401 1328 1462 frivola

259 1511 320 1572 fari
342 1512 520 1574 videamur.
542 1513 604 1575 Hie
623 1513 711 1575 enim
735 1531 818 1586 oum,
839 1513 916 1575 ante
933 1511 937 1592 1
953 1511 1139 1588 analogium
1160 1526 1233 1572 oum
1255 1508 1327 1570 aliis

258 1619 418 1692 cantaret,
438 1620 554 1682 oeoidit
571 1621 605 1682 in
620 1623 722 1699 terra,
743 1636 808 1681 non
829 1618 1030 1682 infirmitatis
1051 1633 1158 1688 eausa,
1176 1614 1180 1696 1
1196 1615 1252 1678 sed
1273 1631 1327 1693 po·

257 1723 332 1798 tius,
343 1725 381 1786 ut
391 1725 647 1804 prescripsimus,
658 1724 872 1803 lapsitudinis.
883 1727 920 1784 in
934 1723 1076 1800 capitulo
1089 1723 1199 1784 autem
1216 1719 1220 1801 1
1237 1721 1327 1782 tran·

258 1833 347 1894 sacto
367 1833 407 1896 ad
428 1849 602 1896 numerum
616 1833 740 1911 reperti
755 1833 841 1904 sunt,
856 1832 1026 1910 plusquam
1041 1826 1248 1908 quadrigenti
1262 1826 1327 1888 ira·

257 1940 333 2011 tres,
351 1938 356 2019 1
372 1939 553 2004 existentes
580 1940 781 2002 unanimiter
808 1940 842 2000 in
871 1939 1038 2016 religione.
1060 1937 1102 1998 Et
1129 1935 1269 2014 quidem,
1289 1933 1326 1994 ut

258 2046 417 2122 quondam
433 2045 439 2127 1
455 2048 496 2108 ad
509 2048 621 2120 David,
635 2049 805 2126 postquam
818 2063 991 2109 numerum
1002 2046 1108 2125 populi
1120 2045 1171 2107 sui
1181 2044 1325 2122 ognovit,

257 2149 377 2212 dietum
397 2152 458 2224 est,
475 2149 479 2232 1
495 2169 516 2213 a
534 2152 670 2216 Domino
698 2168 758 2230 por
782 2151 992 2230 prophetam:
1016 2153 1129 2213 'irium
1149 2149 1208 2212 tibi
1229 2146 1326 2210 datur

257 2255 378 2334 0[p]tio
398 2257 432 2318 et
452 2259 563 2320 cetera
578 2256 634 2337 (2),
654 2273 693 2319 ao
713 2257 752 2320 de
768 2255 772 2337 1
789 2257 863 2320 inde
877 2256 1042 2335 grassavit
1056 2255 1164 2318 valide
1178 2253 1276 2332 pestis
1291 2253 1324 2313 in

259 2364 383 2441 populo,
398 2364 444 2424 ita
458 2379 584 2443 quoque
598 2365 633 2426 et
646 2381 742 2426 nune.
757 2365 806 2426 No
823 2362 827 2443 1
844 2361 965 2424 verunt
979 2361 1070 2426 oe1te
1084 2361 1324 2424 multitudinem

257 2467 407 2540 fratrum,
435 2485 497 2532 nee
522 2471 632 2532 tamen
660 2473 746 2532 Deus
776 2467 927 2530 adiunxit
955 2467 1077 2530 iratres
1093 2465 1098 2546 1
1115 2465 1324 2536 multitudini,

257 2590 344 2652 quyn
366 2574 472 2653 potius
492 2576 667 2638 subtraxit.
685 2577 730 2637 Ut
749 2575 920 2648 diseamus,
934 2591 999 2638 non
1016 2574 1020 2655 1
1036 2575 1070 2636 in
1086 2575 1227 2636 fratrum
1243 2574 1325 2634 mul-

257 2679 438 2752 titudinem,
460 2696 547 2758 spem
569 2680 867 2759 exultationemque
888 2680 1018 2751 habere,
1041 2679 1090 2742 set
1111 2681 1144 2741 in
1166 2675 1321 2756 Domino!

256 2785 343 2846 etin
365 2785 552 2846 virtutibus.
574 2786 694 2847 Mortui
716 2785 793 2846 sunt
813 2800 893 2863 ergo
913 2785 952 2845 de
973 2783 1037 2845 hae
1059 2784 1203 2861 presenti
1223 2785 1324 2862 pasto,

255 2907 317 2970 que
344 2893 487 2974 initote
512 2909 596 2972 pone
621 2894 729 2972 viguit
755 2893 857 2966 Italia,
884 2894 1006 2956 fratres
1034 2896 1138 2958 ferme
1165 2895 1323 2975 quinqua·

257 2999 350 3076 ginta
371 2998 429 3079 (3).
457 3003 560 3062 Porro
576 2999 580 3081 1
597 3002 744 3079 regimen
772 3002 895 3064 ordinis
925 3003 1031 3064 nostri
1058 3019 1187 3082 semper
1213 3002 1324 3065 extitit

255 3104 426 3167 uniforme.
444 3106 539 3182 ¹Nam
572 3105 688 3168 erebro
715 3104 912 3186 multatum
939 3107 990 3169 est
1021 3123 1079 3185 pro
1105 3109 1260 3186 tempore,
1287 3109 1324 3170 ut

256 3209 370 3271 mellus
393 3210 567 3272 maioribus
588 3211 694 3272 visum
715 3211 786 3272 fuit.
808 3214 871 3274 Ore
886 3211 891 3292 1
909 3213 1073 3276 scentibus
1098 3229 1237 3292 namque
1258 3229 1324 3274 mo·

255 3317 408 3379 nasteriis
422 3317 641 3390 terratribus,
655 3318 867 3395 multiplicate
879 3319 957 3380 sunt
970 3320 1105 3382 volunta
1121 3319 1125 3401 1
1141 3321 1192 3382 tes
1206 3337 1324 3384 eorun-

256 3421 335 3484 dem.
350 3423 506 3486 Preterea
519 3424 554 3486 in
567 3425 726 3504 principio
740 3425 863 3488 ordinis
878 3427 1116 3490 ordinaverunt
1129 3430 1170 3490 ab
1186 3427 1191 3510 1
1207 3429 1324 3506 batem,

255 3545 320 3592 uno
333 3531 462 3592 tantum
476 3547 562 3594 anno
579 3532 773 3595 duraturum
797 3533 830 3624 in
851 3534 954 3598 officio
976 3535 1158 3599 abbatiatus
1179 3537 1228 3600 aui
1242 3537 1300 3618 (4).
1317 3513 1322 3594 Ι

289 3811 329 3883 (1)
341 3812 401 3868 Hie
413 3811 669 3870 Bartholomaeus
679 3813 715 3870 da
724 3812 854 3870 Mantua
866 3815 931 3872 fuit
943 3815 1027 3887 prior
1039 3818 1217 3874 monasterii
1228 3820 1266 3876 ad
1276 3839 1324 3878 aa·

256 3903 356 3978 ati-nm
365 3900 465 3982 saneti
474 3900 657 3970 Geminiani,
670 3907 702 3957 et
712 3901 789 3958 obiit
798 3920 824 3958 a.
835 3904 914 3959 1450.
927 3903 1035 3976 [Nuda.
1047 3905 1135 3964 Onlv.
1147 3908 1186 3962 od
1194 3909 1323 3984 optumi.

292 3987 332 4060 (2)
350 3981 383 4044 II
402 3988 483 4046 Rus.
503 3988 618 4061 XXIV,
641 3992 684 4045 12.

290 4075 329 4148 (3)
348 4074 463 4147 Agitur
471 4076 603 4134 tortasse
612 4078 649 4134 da
658 4078 835 4150 pestilentia
843 4080 1008 4138 Mediolani
1018 4083 1192 4156 praeeipne,
1203 4102 1229 4142 a.
1240 4085 1319 4158 1450,

1382 2381 1436 2446 pot
1449 2383 1477 2424 a)

1377 3015 1510 3063 Voluptates

1350 3087 1497 3143 multipliaan·

1351 3165 1395 3202 iiii.

255 4169 423 4232 grassante.
443 4164 489 4220 cf.
510 4165 541 4221 S.
563 4166 799 4238 Laaonanorrr,
819 4169 999 4244 L’Hoppidl,
1020 4172 1111 4228 Parte
1135 4173 1244 4245 prima,
1265 4173 1322 4230 Va·
1449 4174 1452 4184 '

256 4251 348 4322 iistis,
368 4252 410 4308 Μ.
423 4252 484 4310 Do.
494 4253 621 4324 LXXV,
645 4272 673 4326 p.
695 4255 757 4311 523.

290 4339 330 4412 (4)
349 4341 525 4414 Approbata
537 4342 781 4415 congregatione
794 4345 831 4402 ab
844 4347 985 4420 episeopo
999 4349 1139 4420 Aretino,
1153 4349 1321 4422 diplomate

254 4443 311 4482 suo
330 4426 391 4485 diei
408 4429 513 4488 XXVI
538 4431 643 4492 martii
667 4433 747 4506 1319,
767 4435 873 4496 statim
895 4436 1024 4514 eligitur
1041 4437 1074 4494 in
1092 4437 1244 4511 abbatem,
1264 4439 1320 4498 Pa·
