3646 5520
489 525 530 589 8⁰
933 519 1114 593 Animi&

487 715 670 788 ricardum,
684 713 711 778 si
725 713 868 778 viderint
881 711 1046 791 expedire,
1060 710 1149 774 inira
1165 709 1171 791 Ι
1186 709 1364 774 terminum
1377 709 1479 773 trium
1492 709 1562 773 die·

489 839 572 896 rum,
585 821 666 884 adis
677 836 741 900 quo
757 818 1012 882 misericordiam
1027 817 1243 898 postulaverit
1258 816 1560 895 computandorum,

489 928 529 992 de
539 927 672 992 consilio
682 925 716 990 ct
725 937 885 990 consensu
896 922 1350 995 dictorumsexvisitatorum‚
1360 923 1414 985 vel
1425 924 1557 987 maioris

488 1033 591 1112 partis
611 1049 733 1096 eorum.
754 1031 890 1094 Interim
916 1030 1029 1094 mman
1054 1029 1160 1092 dictus
1184 1029 1282 1091 abbas
1298 1027 1303 1110 ι
1320 1027 1431 1092 teneat
1451 1030 1556 1092 locum

488 1155 582 1200 suum
602 1139 636 1201 et
655 1138 760 1202 eidem
777 1135 945 1217 prestetur
965 1151 1025 1214 per
1044 1135 1154 1198 omnia
1167 1135 1357 1198 reverentia
1370 1135 1454 1198 sicut
1468 1138 1556 1198 ante.

487 1245 627 1308 [demde
641 1243 795 1322 predictis
814 1243 1038 1306 visitatoribus
1052 1241 1233 1305 statuentes
1247 1241 1361 1304 circha
1375 1242 1557 1305 misericor-

487 1350 571 1412 diam
601 1349 785 1413 huiusmodi
805 1349 956 1422 flendam,
982 1349 1023 1412 ds
1052 1361 1214 1411 consensu
1234 1347 1239 1428 Ι
1260 1349 1326 1410 tam
1357 1347 1494 1421 abbatis,
1520 1348 1556 1412 et

490 1456 621 1518 maioris
641 1455 744 1534 partis
763 1455 970 1518 visitatorum
990 1435 1178 1518 eorundem.

528 1561 706 1624 Ststuimus
725 1562 860 1640 insuper
873 1560 911 1622 ut
923 1560 986 1624 hec
999 1561 1108 1622 omnia
1121 1560 1169 1622 sic
1181 1561 1305 1623 statuta
1318 1574 1377 1639 per
1390 1576 1449 1622 nos
1463 1560 1497 1624 et
1510 1575 1559 1623 or

490 1667 683 1746 cinctaque
696 1668 811 1732 tenore
825 1667 1026 1746 presentium
1037 1666 1237 1744 publicamus
1247 1683 1338 1745 pure,
1349 1665 1555 1748 simpliciter!

489 1774 523 1836 at
536 1772 768 1837 inviolabiliter
780 1773 1006 1837 observentur.
1021 1773 1054 1834 Si
1068 1773 1141 1852 quis
1154 1773 1263 1836 autem
1277 1773 1350 1851 post
1370 1773 1480 1836 binam
1494 1789 1558 1836 mo-

489 1877 645 1942 nitionem
665 1879 717 1942 vel
739 1879 860 1942 trinam
880 1879 912 1940 ei
932 1894 992 1957 per
1011 1878 1160 1941 abbatem
1187 1879 1302 1958 ipsum,
1323 1879 1377 1942 vel
1402 1879 1557 1942 maiorem

490 1985 616 2062 partem
635 1985 795 2048 dictorum
815 1985 1022 2046 visitatorum
1042 1983 1171 2056 factem,
1197 1984 1332 2062 pretatis
1357 1985 1488 2047 statutis
1504 1984 1508 2066 1
1525 1987 1557 2048 et

490 2089 747 2153 ordinationibus
761 2091 998 2154 contumaciter
1008 2090 1255 2163 contradixerit,
1264 2091 1318 2152 vel
1329 2105 1369 2154 ea
1381 2091 1558 2154 observare

494 2196 688 2274 neglexerit,
709 2196 752 2258 sit
776 2197 844 2274 ipsc
863 2197 950 2259 sacto
969 2195 1118 2275 privatus
1138 2196 1225 2258 omni
1249 2196 1354 2259 officio
1379 2197 1560 2262 obedientia

496 2302 628 2375 ordinis,
653 2301 687 2364 ct
714 2317 794 2366 voce
818 2303 853 2364 in
872 2303 1024 2380 capitulo,
1043 2303 1077 2364 et
1101 2301 1256 2366 inhabilis
1275 2304 1317 2365 ad
1336 2304 1445 2367 omnia
1460 2303 1464 2385 Ι
1481 2304 1556 2366 dicti

487 2407 610 2470 ordinis
624 2407 738 2481 officia,
748 2408 782 2470 et
791 2408 973 2472 ministeria
982 2407 1148 2480 reddetur,
1159 2410 1261 2472 donec
1271 2410 1404 2488 perduc
1415 2411 1556 2490 capitula

487 2513 655 2593 generalia
668 2514 780 2588 inemt,
793 2514 832 2576 de
845 2529 1006 2577 sumansu
1020 2515 1152 2577 maioris
1166 2515 1278 2593 partis,
1292 2517 1333 2578 ad
1347 2517 1493 2595 predicta
1506 2533 1558 2579 re·.

489 2617 632 2682 stitutus.
659 2621 701 2682 Et
728 2620 863 2698 insuper
889 2620 979 2683 ultra
1005 2635 1106 2699 penas
1134 2621 1288 2699 prefatas,
1304 2620 1309 2702 1
1325 2623 1477 2702 quicquid
1497 2639 1556 2701 per

488 2726 637 2788 abbatem
663 2742 752 2788 nunc
772 2727 806 2788 et
825 2742 885 2804 pro
905 2727 1051 2804 tempore
1071 2728 1279 2800 existentem,
1298 2729 1415 2790 contra
1434 2729 1557 2792 statuta

488 2833 522 2894 et
535 2831 754 2894 ordinationes
767 2833 897 2894 nostras
910 2831 1095 2894 huiusmodi
1109 2833 1230 2896 factum
1242 2834 1350 2907 merit,
1362 2835 1405 2896 sit
1415 2836 1556 2908 irritum,
1581 2876 1583 2882 -

487 2938 521 2999 et
541 2938 640 3000 inane
653 2951 693 3000 ac
707 2937 828 2999 nuliius
843 2939 969 3000 roboris
986 2937 990 3018 t
1007 2939 1061 3000 vei
1075 2938 1250 3002 momenti:
1264 2941 1555 3014 constitutionibus,
1671 2949 1675 2957 '

488 3042 797 3116 confirmationibus,
811 3044 1000 3122 privilegiis,
1009 3045 1216 3124 statutisque,
1227 3046 1260 3108 et
1271 3047 1556 3110 consuetudinibus

487 3149 564 3212 dicti
578 3149 701 3212 ordinis
720 3149 755 3210 in
770 3149 970 3212 contrarium
985 3150 1177 3214 iacientibus
1191 3168 1257 3214 non
1271 3151 1472 3214 obstantibus
1486 3155 1555 3232 qui-

490 3256 697 3333 buscumque.

526 3363 723 3439 inquorum
743 3361 887 3423 omnium
908 3362 941 3425 et
962 3363 1163 3442 singulorum
1178 3363 1273 3428 tidem
1288 3365 1322 3426 et
1334 3365 1554 3428 testimoninm

488 3466 730 3544 premissorum,
751 3466 812 3529 has
831 3470 960 3530 nostras
981 3470 1130 3547 patentes
1144 3469 1282 3544 litteras,
1296 3471 1330 3532 in
1346 3470 1481 3534 formam
1496 3485 1555 3550 pu·

488 3572 603 3635 blicam
628 3573 733 3650 redigi
755 3589 813 3651 per
839 3575 1034 3652 Gregorium
1055 3577 1164 3638 iacobi
1185 3577 1225 3640 de
1245 3577 1336 3650 Pisis,
1357 3577 1391 3639 et
1412 3577 1555 3640 christo-

487 3677 594 3740 forum
608 3679 647 3740 de
661 3679 810 3757 Rogeriis
822 3678 828 3760 t
840 3681 880 3742 ds
893 3681 1005 3754 Rbma‚
1020 3677 1162 3758 publicos
1172 3681 1317 3745 notarios
1329 3683 1555 3762 infrascriptos

488 3784 522 3846 et
531 3785 726 3848 secretarios
738 3786 875 3857 nostros,
886 3786 1055 3866 nostrique
1065 3787 1285 3851 cardinalatus
1296 3787 1555 3868 sigilliiussimus

488 3890 685 3970 appensione
703 3891 834 3953 muniri.
1329 3873 1331 3877 ’

526 3997 644 4059 Datum
671 3996 705 4058 et
724 3997 832 4058 actum
853 4000 963 4072 Rome,
984 3999 1018 4060 in
1040 3999 1159 4077 palatio
1178 3997 1366 4064 sanctorum
1386 3999 1554 4080 Apostolo-

488 4117 562 4163 rum
577 4100 583 4183 Ι
598 4101 633 4165 et
658 4103 802 4180 cappella
829 4103 1021 4166 sanctissimi
1049 4105 1165 4167 domni·
1181 4107 1285 4168 nostri
1306 4121 1396 4186 pape,
1421 4120 1553 4186 presen-

487 4207 573 4270 tibus
593 4207 833 4271 venerabilibus
853 4210 888 4272 et
905 4208 1054 4273 discretis
1076 4211 1167 4284 viris,
1187 4211 1303 4275 domno
1317 4213 1449 4276 Matheo
1462 4213 1552 4276 Petri

489 4312 687 4376 decivitate
714 4315 868 4386 Tullenst
894 4315 1014 4380 clerieo
1040 4318 1292 4382 cerimoniarum
1316 4319 1424 4381 domni
1441 4319 1552 4382 nostri
