3642 5510
505 531 544 588 ia
566 529 782 604 spicileolam
802 529 1071 592 Moatouaetease
1262 547 1323 594 xxr

1163 641 1322 650 -----.-.

255 717 454 786 Olivetanae
490 722 737 808 componendae
774 712 961 790 subsidium
999 725 1218 811 suppeditant
1242 726 1320 812 (1).

300 833 428 912 Quibus
450 833 510 900 illa
531 858 658 923 magna
679 837 904 924 diplomatum
925 839 1075 926 supellex
1098 839 1321 926 adiungenda,

254 969 341 1034 quae
362 949 400 1016 in
422 950 566 1036 publicis
589 951 851 1040 uniuscuiusque
873 953 1023 1021 civitatis
1045 955 1191 1021 archivis
1212 977 1324 1022 recon-

254 1062 328 1130 dita
349 1065 556 1134 adservatur.
580 1067 672 1134 Haec
693 1067 784 1134 enim
806 1069 965 1135 historica
988 1069 1182 1156 diplomata,
1206 1069 1244 1136 in
1266 1092 1323 1136 no·

254 1184 325 1246 stro
355 1209 369 1238 ‹
384 1179 563 1268 Spicilegio
593 1182 868 1250 Montolivetensi
884 1214 898 1243 »
935 1185 990 1252 vel
1012 1207 1054 1250 ex
1076 1184 1210 1270 integro
1239 1185 1324 1252 inse-

254 1295 367 1380 renda,
380 1297 435 1364 vel
450 1319 493 1362 ex
506 1303 603 1385 parte
618 1284 859 1383 concinnanda,
873 1306 974 1386 prout
989 1299 1120 1366 utilitas
1135 1300 1323 1387 poposcerit

253 1416 288 1476 et
318 1433 430 1478 rerum
459 1418 678 1498 momentum,
710 1415 991 1482 monasteriorum
1021 1415 1174 1482 omniurn
1204 1415 1324 1482 Archi-

252 1527 403 1593 ooenobio
435 1527 711 1597 Montolivetensi
741 1530 822 1596 olim
854 1531 1090 1615 subiectorum,
1125 1531 1244 1596 deinde
1274 1536 1322 1597 to

252 1641 324 1708 tius
340 1641 618 1730 Congregationis
635 1644 832 1713 Olivetanas
847 1645 1044 1712 historicum
1060 1646 1321 1712 fundamentum

251 1757 413 1845 praebere
435 1765 614 1826 censentur
629 1745 688 1848 ’(2).
740 1753 743 1756 ’

300 1873 344 1940 In
365 1895 432 1961 quo
447 1875 582 1962 quidem
600 1897 740 1942 munere
753 1877 963 1963 praestando,
980 1878 1157 1944 methodus
1174 1877 1323 1964 primum

251 2079 455 2094 -.....-

291 2217 330 2288 (1)
348 2217 469 2274 Nostris
488 2217 582 2274 etiam
600 2218 718 2292 diebus,
741 2237 845 2276 omnes
863 2221 928 2276 fere
948 2219 1081 2276 alicuius
1106 2219 1239 2274 nominis
1260 2237 1323 2274 mo-

254 2305 358 2377 naehi,
385 2308 421 2362 de
445 2307 576 2364 historia
599 2307 756 2364 olivetana
779 2326 885 2365 curam
908 2308 1054 2380 habuere,
1081 2308 1162 2364 inter
1190 2325 1267 2380 quos
1291 2315 1323 2363 et

255 2393 372 2448 Rffisffi
397 2396 433 2450 D.
455 2395 620 2452 Camillum
644 2397 686 2454 M.
708 2397 823 2453 Seriolo
844 2397 922 2452 Abb.
949 2397 1059 2452 Gener.
1085 2397 1136 2470 (ct'.
1164 2398 1200 2453 L.
1220 2397 1255 2453 F.
1276 2397 1323 2452 aa

254 2483 293 2538 1)’
303 2482 448 2556 Osr1Arv1,
472 2485 507 2539 Il
526 2484 649 2541 Comana
674 2487 842 2541 el’Aboar'a
861 2487 894 2540 di
911 2487 1056 2558 Rodeapo,
1082 2486 1215 2558 Brescia,
1241 2485 1321 2554 1886,

256 2590 286 2644 p.
307 2575 390 2644 xm),
412 2577 444 2627 et
461 2573 500 2628 cl.
526 2574 564 2629 D.
586 2573 767 2645 Cajetanum
786 2575 828 2630 M.
849 2574 889 2630 Di
909 2577 1020 2646 Negro,
1047 2574 1190 2630 abbatem
1214 2574 1247 2628 in
1266 2589 1323 2628 coe·

255 2660 348 2716 nobio
368 2661 484 2717 Montis
502 2661 617 2718 Oliveti
635 2662 762 2733 Majoris
781 2662 832 2736 (cf.
853 2663 898 2716 Di
916 2664 979 2718 Fra
996 2663 1145 2718 Giooaaai
1157 2663 1195 2717 do
1212 2661 1324 2716 Verona

256 2767 270 2802 e.
292 2749 361 2804 delle
385 2767 432 2802 sue
451 2767 541 2821 opere,
568 2751 651 2805 cecat
675 2751 707 2804 oli
731 2750 879 2806 Grreono
904 2752 1046 2822 Fssauoo,
1074 2750 1205 2821 Verona,
1233 2750 1317 2819 1863;

258 2835 296 2892 U.
312 2837 782 2907 Noui-vnsaaosr-Pnsoromsr‚
809 2840 855 2892 Ua
873 2841 982 2910 quadro
1001 2841 1033 2894 dc'
1044 2839 1232 2892 Beraardiao
1245 2839 1326 2892 Batti

256 2927 296 2980 dc
314 2927 443 2999 Perupio
463 2927 604 3000 [estratto
623 2927 706 2982 dalla
724 2929 912 2982 Miscelloaea
930 2934 998 2982 ator.
1014 2929 1089 2982 dello
1102 2928 1246 3000 Valdelso,
1262 2925 1323 2997 III,

257 3013 801 3090 100021,Οεε1011100001100,1895),
826 3033 926 3088 nuper
951 3015 1152 3088 deperditum,
1180 3014 1325 3070 adnume-

258 3119 326 3158 rare
344 3103 487 3160 sufficiat.

294 3193 330 3262 (2)
350 3191 458 3257 Quoad
473 3191 655 3248 'methodum
675 3192 708 3248 in
720 3191 927 3248 monumentis
946 3191 1102 3247 historicis
1121 3190 1323 3246 transcribcn·

258 3277 305 3334 dis
323 3279 518 3351 sequendam,
534 3295 569 3334 ea
581 3278 670 3335 nobis
689 3280 896 3350 praestantior
906 3277 1081 3350 ¹utiliorque
1095 3279 1162 3334 visa
1174 3283 1230 3348 est,
1246 3295 1324 3348 quae

259 3368 406 3440 appellari
424 3373 526 3443 potest
548 3387 563 3422 0(
583 3367 820 3440 interpretativa
840 3387 864 3438 ›,
886 3366 970 3422 hisce
989 3365 1091 3423 verbis
1111 3384 1129 3421 a
1153 3365 1191 3420 cl.
1216 3365 1324 3420 Pnrao

258 3455 388 3510 Fanann
407 3455 578 3528 descripta:
599 3475 614 3511 ‹
634 3455 796 3528 seiogliere
816 3457 845 3513 le
864 3454 1092 3524 abbreviature,
1116 3469 1325 3526 raggruppare

260 3561 278 3599 0
297 3561 437 3616 separare
455 3544 576 3616 lettere,
591 3543 699 3600 sillabe
713 3561 729 3600 e
742 3544 845 3615 parole
865 3562 883 3599 a
900 3541 1032 3599 seconde
1050 3541 1099 3596 del
1112 3539 1219 3612 senso}
1240 3557 1326 3612 rego-

258 3631 334 3704 lare,
353 3648 413 3704 pur
427 3649 483 3687 oon
498 3649 561 3688 una
573 3637 659 3688 certa
677 3632 897 3704 moderazione,
918 3630 1048 3687 secondo
1061 3630 1082 3684 1’
1092 3647 1148 3686 uso
1167 3628 1323 3703 moderno,
1410 3657 1412 3662 ·
1524 3703 1527 3712 ,

259 3719 524 3793 l'interpunaione
548 3720 612 3776 ele
635 3720 803 3777 maiuscole
815 3761 823 3792 ,
850 3719 918 3776 fara
935 3720 1085 3776 insomma
1109 3722 1194 3773 tutto
1220 3717 1325 3789 quello

260 3808 317 3864 che
335 3811 397 3884 pud
418 3808 569 3864 facilitare
588 3809 619 3864 la
639 3809 759 3865 lettura
776 3825 792 3864 e
811 3807 831 3863 1’
842 3807 1042 3880 intelligente
1064 3806 1115 3862 del
1138 3810 1229 3862 testo.
1249 3787 1275 3860 d
1294 3805 1325 3860 10

260 3903 359 3954 stesso
371 3898 494 3954 metodo
507 3897 689 3969 consigliato
703 3897 774 3954 dall’
783 3897 913 3952 Istituto
926 3897 1040 3952 atorioo
1053 3893 1191 3964 italiano,
1203 3891 1326 3965 seguito

261 3985 515 4042 dall’Hartmann
533 4003 588 4059 per
612 3985 642 4041 la
660 3985 892 4057 pubblioazione
918 3985 998 4040 delle
1023 3991 1107 4039 carte
1125 3982 1156 4038 di
1179 3982 1207 4038 S.
1228 3981 1327 4037 Maria

260 4073 294 4128 in
320 4071 378 4130 Via
404 4075 483 4130 Lata
506 4075 550 4144 (L.
578 4075 619 4130 M.
646 4075 842 4144 Harmas,
875 4072 1063 4128 Tabalarium
1090 4074 1123 4126 S.
1149 4070 1268 4125 Mariae
1294 4069 1327 4122 a'a

268 4159 323 4216 Vic
335 4163 421 4234 Loto,
442 4162 650 4234 Vindobonae,
679 4161 768 4233 1895),
790 4179 806 4216 e
825 4160 875 4218 del
894 4160 985 4232 quale
1005 4159 1051 4232 gli
1072 4160 1109 4215 fu
1127 4159 1199 4215 data
1217 4156 1327 4214 lodo.»

262 4251 305 4320 (P.
319 4251 461 4322 Faunus,
485 4251 570 4308 Corte
594 4253 639 4307 del
657 4251 823 4306 Monostero
842 4251 890 4305 dei
905 4249 964 4306 SS.
988 4249 1090 4304 Corma
1107 4247 1282 4303 eDomioao
1296 4247 1328 4299 ia

261 4359 277 4394 ‹
295 4341 370 4396 mica
388 4359 478 4396 aurea
496 4360 521 4408 ›‚
546 4341 579 4396 in
597 4339 735 4395 Arctios'o
754 4339 829 4396 dello
847 4340 884 4394 R.
905 4339 1020 4394 Societd
1039 4338 1172 4392 Romano
1184 4335 1216 4390 dt
1228 4333 1328 4389 Storio

261 4431 380 4506 Patrio,
399 4432 462 4489 vol.
476 4431 563 4501 XXI,
581 4431 646 4504 463,
666 4432 739 4503 464).
