3646 5520
686 515 867 590 Appendtoe
1270 517 1309 577 71

230 719 415 771 recurrere
434 707 604 788 ipsumque
624 695 736 788 petere
756 709 956 783 confirmari,
976 710 1010 772 et
1030 709 1310 774 confirmationem

232 813 387 892 recipere
399 813 440 878 ab
454 815 575 892 eodem,
590 831 652 880 nec
665 831 731 878 non
747 816 941 879 renuntiare
956 816 1142 890 substratus,
1156 816 1310 896 regimini

231 935 274 982 ac
302 919 410 984 officio
435 921 618 985 abbatiatus
645 922 836 986 monasterii
862 940 962 1002 supra
988 923 1079 999 dicti,
1105 924 1202 1002 prout
1232 922 1310 1003 ipsis

233 1026 389 1105 placebit,
409 1028 442 1091 et
463 1028 641 1092 secundum
661 1030 747 1109 quod
767 1029 971 1108 providerint
991 1029 1154 1108 agendum
1175 1045 1255 1093 esse.
1269 1032 1312 1092 Et

234 1133 275 1195 ut
289 1135 451 1213 premissa
462 1135 607 1209 liberius,
621 1135 784 1199 comodius
799 1135 872 1198 fleri
885 1136 1026 1210 valeant,
1040 1153 1099 1216 pro
1114 1136 1312 1199 monasterio

234 1241 427 1318 supradicto
447 1243 481 1305 et
501 1241 658 1305 iratribus
671 1243 726 1323 qui
741 1259 800 1321 pro
813 1243 961 1321 tempore
980 1243 1025 1305 ibi
1046 1243 1154 1314 erunt,
1167 1243 1312 1306 commit·

236 1346 341 1410 timus
361 1348 496 1427 prelatis
519 1349 655 1412 Aretine
674 1349 820 1422 diocesis,
840 1365 860 1412 a
879 1349 996 1429 quibus
1016 1349 1141 1413 luerint
1160 1350 1312 1410 abbatum

237 1452 380 1529 predicti
390 1454 452 1517 loci
463 1453 564 1532 petite
577 1455 851 1527 confirmationes,
862 1471 921 1518 seu
933 1453 1203 1538 renuntiationes,
1214 1469 1323 1533 super¹

237 1559 387 1637 ipsorum
413 1560 565 1623 abbatum
590 1561 887 1624 renuntiationibus
908 1561 1074 1635 iaciendis,
1093 1561 1313 1624 confirmatio·

238 1665 338 1728 nibus
351 1665 572 1746 impendendis
583 1667 616 1731 et
629 1668 749 1731 ceteris
763 1683 862 1746 super
875 1667 884 1728 i
889 1683 1019 1746 psarum
1030 1666 1312 1731 confirmationum

240 1772 384 1852 negotiis
408 1774 588 1852 oportunis,
601 1774 747 1852 plenarie
761 1774 851 1837 vices
866 1776 996 1838 nostras
1009 1774 1254 1850 constituentes,
1268 1789 1312 1837 ex

240 1894 332 1940 nunc
352 1879 424 1942 illos
444 1880 585 1959 prolatos
606 1880 788 1959 prescripto
808 1880 953 1955 diocesis,
967 1881 1005 1943 ad
1021 1895 1102 1960 quos
1115 1880 1313 1944 accesserint

242 1985 425 2048 conventus
445 1986 524 2049 dicti
543 1985 615 2060 loci,
635 2001 695 2066 pro
715 1986 879 2065 predictis,
893 1987 1024 2050 nostros
1044 1987 1187 2049 vicarios
1207 1988 1241 2048 et
1261 2002 1314 2048 or·

241 2089 387 2154 dinarios
400 2092 441 2154 ad
455 2093 621 2171 premissa,
635 2093 668 2155 et
682 2093 771 2156 circa
790 2093 860 2172 ipsa
879 2093 1051 2172 oportuna,
1071 2094 1105 2156 et
1125 2092 1313 2155 mandamus

243 2195 310 2260 illis
330 2213 487 2277 expresse
501 2199 559 2261 sub
574 2215 666 2277 pena,
680 2215 778 2278 quam
792 2199 983 2262 duxerimus
995 2199 1216 2278 infligendam,
1230 2199 1313 2279 quod
1363 2275 1367 2282 Ι

243 2303 440 2383 adipsorum
451 2304 591 2368 fratrum
603 2305 802 2379 instantiam,
813 2307 972 2384 premissa
980 2305 1117 2369 debeant
1127 2305 1315 2384 adimplere,

244 2423 311 2472 non
332 2411 481 2474 obstante
501 2411 584 2491 quod
605 2411 788 2474 huiusmodi
803 2411 1083 2476 confirmationem
1096 2411 1248 2474 abbatum
1262 2425 1314 2473 re·

245 2517 489 2580 servaverimus
502 2517 604 2591 nobis,
617 2519 804 2597 nostrisque
817 2519 1069 2590 successoribus,
1083 2518 1117 2580 in
1131 2517 1315 2597 privilegio,

247 2623 331 2701 quod
350 2623 444 2686 dictis
465 2624 535 2686 loco
554 2625 588 2686 et
608 2624 766 2687 fratribus
789 2625 982 2687 adduximus
1003 2623 1251 2688 concedendum.
1273 2626 1315 2685 lit

247 2728 325 2808 quis
344 2730 562 2808 presensimus
582 2731 667 2809 quod
687 2730 785 2794 abbas
805 2731 839 2794 et
859 2733 1040 2815 conventus
1060 2729 1248 2793 monasterii
1262 2745 1315 2791 su·

249 2835 387 2912 predicti
410 2837 599 2916 plerumque
626 2837 839 2914 indigentiam
860 2836 1041 2915 patiuntur,
1060 2851 1126 2898 non
1157 2835 1315 2898 habentos

249 2955 292 3004 ex
312 2923 519 3004 facultatibus
539 2942 680 3022 propriis
701 2943 939 3005 undeoomode
953 2942 1086 3004 valcant
1106 2941 1316 3014 substentari,

249 3063 291 3108 ne
318 3047 497 3126 indigentia
519 3047 705 3111 huiusmodi
729 3048 881 3112 retrahat
905 3049 979 3110 illos
1001 3065 1022 3111 a
1045 3048 1176 3110 cultura
1195 3047 1316 3122 divina,

247 3153 285 3214 ut
304 3169 364 3230 per
384 3169 419 3216 se
439 3153 573 3217 stallos
594 3156 706 3233 petere
719 3155 753 3216 et
767 3154 834 3234 peti
847 3155 956 3218 lacere
976 3154 1124 3228 valeant;
1145 3155 1178 3218 et
1200 3153 1316 3226 Abbas,

251 3257 423 3340 monac[b]i
451 3260 641 3348 monasterii
667 3260 855 3339 supradicti,
876 3261 1027 3340 quotiens
1054 3259 1088 3324 et
1115 3260 1243 3338 quando
1268 3259 1338 3322 eis.

251 3364 414 3427 videbitur
432 3366 549 3429 decens
570 3381 652 3441 esse,
672 3366 869 3430 auctoritate
888 3367 1098 3445 presentium,
1112 3355 1317 3446 indulgemus

251 3469 286 3532 et
305 3469 500 3534 elimosinas.

290 3577 427 3656 insuper
437 3577 521 3639 votis
531 3592 645 3640 eorum
659 3577 847 3640 satisfacere
861 3577 1037 3657 cupientes,
1050 3578 1085 3640 in
1099 3577 1318 3642 celebratione

253 3680 440 3755 officiorum,
461 3697 557 3760 quam
578 3682 688 3746 lacere
713 3699 804 3762 posse
829 3684 945 3746 volunt
964 3684 1061 3746 abbas
1083 3685 1117 3746 et
1137 3684 1318 3748 conventus

253 3787 441 3850 monasterii
454 3787 618 3863 antedicti,
635 3789 811 3852 secundum
824 3790 926 3852 ritum
938 3793 1084 3854 Romane
1094 3789 1247 3863 Ecclesia,
1258 3805 1317 3852 nos

252 3891 455 3956 attendentes
475 3894 510 3955 in
530 3895 647 3977 regula
667 3895 752 3958 beati
773 3895 940 3958 Benedicti
960 3895 1082 3969 caveri,
1102 3895 1186 3975 quod
1203 3911 1318 3959 secun·

253 3997 327 4059 dum
342 3999 443 4076 ipsius
456 3999 605 4078 regulam
620 4001 732 4063 certus
745 4003 899 4064 servetur
912 4002 991 4064 ordo
1004 4002 1039 4063 in
1052 4001 1144 4064 horis
1157 4002 1192 4064 et
1206 4001 1318 4066 officiis

253 4102 464 4176 celebrandis,
478 4105 512 4167 at
529 4107 613 4184 quod
627 4105 682 4184 qui
696 4103 812 4168 melius
826 4106 961 4170 sciverit
974 4107 1136 4180 ordinare,
1150 4106 1319 4170 ordinaret

253 4208 392 4271 officium
413 4209 623 4274 monachale:
644 4227 717 4274 oum
737 4211 772 4274 in
793 4215 940 4276 Romana
953 4198 1105 4288 Ecclesia,
1119 4213 1263 4293 pomus
1276 4213 1319 4276 sit

253 4314 332 4378 ordo
356 4315 543 4380 celebrandi
570 4317 666 4382 officii
693 4317 897 4392 constitutus,
917 4319 1001 4398 quod
1021 4320 1197 4384 secundum
1218 4319 1319 4384 ritum
