3642 5510
599 529 740 592 Aaloaiz‘
760 533 948 605 narnensis
1106 589 1111 601 ,
1226 543 1313 592 xxxr

245 743 382 810 remque
404 745 521 810 gerere
543 723 717 790 curabant.
742 723 852 802 Quam
871 723 1126 791 innovationem
1141 723 1313 790 Reforma

246 843 335 905 tores
345 839 388 904 ab
401 837 597 926 Apostolioa
609 837 691 903 Sede
706 838 869 926 deputati,
886 860 976 904 anno
993 839 1089 922 1430,
1102 844 1311 906 statuerunt:

246 955 307 1041 qui
328 961 505 1044 propterea
526 977 650 1021 munus
665 962 699 1021 et
721 955 868 1022 officium
883 955 933 1020 ita
948 954 1196 1021 describebant:
1228 985 1242 1013 a
1262 955 1314 1020 De

246 1097 390 1161 quornm
413 1075 660 1162 [Visitatorum]
683 1076 821 1143 consilio
844 1080 879 1140 et
904 1096 1068 1140 consensu
1096 1073 1152 1141 vel
1177 1071 1313 1138 maioris
1368 1077 1499 1123 visitatoris

246 1189 354 1276 partis
375 1211 500 1273 eorum,
525 1211 563 1254 ac
584 1189 760 1256 voluntate
783 1210 938 1276 expressa
960 1193 1115 1252 teneatur
1135 1187 1244 1252 dictus
1260 1187 1314 1252 ab
1340 1148 1431 1194 Mum

224 1287 227 1292 ⁵
246 1306 307 1371 bas
330 1307 518 1392 [generalis]
541 1311 576 1371 et
593 1305 712 1372 debeat
727 1306 891 1388 ordinare,
907 1303 1024 1387 facere,
1041 1303 1112 1370 sive
1127 1301 1312 1390 disponere,

245 1423 427 1506 absolvere,
442 1423 629 1506 instituere,
647 1422 718 1488 sive
732 1427 935 1509 permutare,
951 1426 1022 1485 tam
1038 1419 1075 1484 in
1087 1425 1199 1486 totum
1211 1442 1313 1507 quam

246 1539 285 1604 in
306 1544 447 1626 partem,
465 1539 563 1604 annis
586 1539 729 1625 singulis
742 1539 788 1602 'in
805 1537 961 1624 Capitulo
977 1535 1136 1622 generali,
1153 1542 1213 1600 aut
1236 1559 1314 1632 quo-

246 1653 489 1740 modocumque
512 1653 735 1720 necessarium
758 1652 869 1736 fuerit,
887 1673 1001 1718 omnes
1017 1656 1050 1715 ct
1066 1649 1217 1736 singulos
1229 1650 1315 1737 prio·

246 1789 309 1849 res,
333 1766 555 1854 prelatosque,
579 1773 613 1832 et
629 1766 711 1832 alios
733 1765 899 1848 officiales,
923 1771 957 1830 et
983 1750 1128 1830 familias
1152 1764 1312 1848 omnium,

248 1879 459 1966 singulorum
482 1903 520 1946 ao
542 1901 829 1966 quorumcumque
851 1884 1080 1946 conventuum
1103 1885 1137 1943 et
1151 1883 1315 1959 monaste

248 1994 376 2060 riorum
399 1993 526 2059 ordinis
548 1992 700 2080 predicti,
725 2014 906 2078 eorumque
920 1991 1132 2058 visitationes
1147 1992 1263 2077 facere,
1280 1999 1315 2059 et

248 2108 450 2174 distribuere
470 2107 682 2194 quotiens'et
706 2091 984 2193 quandocumque
1013 2089 1060 2172 eis
1091 2107 1315 2174 necessarium

248 2225 320 2290 fore
337 2224 517 2308 videbitur,
541 2231 613 2290 tam
635 2224 673 2290 in
696 2229 808 2289 totum
832 2246 934 2310 quam
956 2223 993 2287 in
1016 2228 1157 2310 partem,
1174 2244 1316 2288 conven-

249 2347 347 2406 tuum
371 2348 406 2406 et
426 2363 648 2428 personarum
671 2341 823 2407 omnium
845 2346 880 2406 et
902 2341 1131 2426 singulorum:
1149 2363 1187 2406 ae
1202 2340 1316 2406 omnia

249 2464 284 2524 et
297 2457 431 2543 singula
442 2461 570 2523 statum
586 2456 712 2522 ordinis
728 2455 977 2543 quomodolibet
988 2455 1231 2539 concernentia,
1244 2462 1316 2522 tam

249 2572 287 2637 in
310 2576 420 2639 totum
444 2593 546 2658 quam
568 2573 606 2638 in
622 2581 768 2659 partem;
793 2577 827 2637 et
848 2594 888 2637 ea
910 2593 975 2657 que
997 2576 1265 2657 proponerentur
1279 2570 1316 2636 in

143 2710 147 2720 ¹
249 2685 407 2772 Capitulo
429 2687 588 2772 generali,
613 2692 672 2752 aut
696 2686 778 2752 alias
801 2699 1009 2772 quecumque
1024 2683 1199 2751 evenerint
1214 2683 1317 2749 simili

249 2803 348 2869 modo
369 2808 405 2868 et
426 2801 534 2868 forma
557 2807 702 2868 tractare
725 2807 760 2867 et
782 2801 1013 2884 determinare,
1038 2821 1076 2864 ac
1095 2800 1230 2866 demum
1245 2824 1318 2867 exe-

249 2917 379 2984 cutioni
393 2918 561 2983 mandare.
579 2918 666 2982 item
678 2939 739 2982 nec
748 2917 860 2984 valeat
872 2917 997 3002 absque
1008 2937 1170 2982 consensu
1181 2917 1317 2985 maioris

250 3031 367 3117 partis,
392 3031 619 3117 predictorum
646 3053 712 3116 sen,
742 3053 842 3119 super
871 3029 1169 3097 constitutionibus
1191 3031 1317 3098 ordinis

249 3146 383 3234 prefati,
407 3169 468 3214 nec
491 3171 590 3236 super
612 3148 708 3235 penis
730 3153 764 3213 et
793 3145 989 3234 penitentiis
1022 3146 1233 3233 publicorum
1266 3147 1318 3213 de

250 3261 417 3346 lictorum,
435 3286 473 3328 ae
484 3263 801 3350 irregularitatibus,
814 3269 848 3328 et
859 3262 1132 3330 inhabilitatibus
1144 3263 1228 3347 aliis,
1240 3287 1317 3330 cum

250 3379 524 3465 delinquentibus
547 3381 748 3467 dispensare.
772 3379 916 3467 insuper
937 3401 998 3444 nec
1019 3379 1108 3445 bona
1131 3379 1254 3467 prefati
1270 3403 1318 3446 or-

251 3493 342 3560 dinis
364 3504 425 3561 aut
446 3496 605 3582 pecunias
627 3496 835 3578 distribuere,
860 3517 921 3561 nec
943 3495 1025 3560 alias
1046 3501 1259 3581 preterquam
1276 3496 1318 3561 ad

251 3613 388 3679 bursam
404 3635 625 3698 communem,
649 3637 707 3680 seu
731 3615 845 3680 aedem
868 3635 1005 3694 sacram,
1022 3611 1227 3678 clandestine
1244 3635 1319 3678 con-

252 3750 403 3814 gregare.
427 3728 492 3794 Sed
522 3729 559 3795 in
582 3730 648 3796 hiis
671 3730 828 3796 omnibus
854 3752 927 3796 eam
956 3734 1093 3794 tantum
1120 3728 1316 3794 facultatem

252 3845 385 3928 habeat,
410 3868 512 3932 quam
536 3847 678 3932 quilibet
701 3846 787 3913 alius
809 3846 901 3932 prior
923 3845 1026 3910 habet
1047 3846 1084 3910 in
1115 3868 1174 3912 suo
1204 3869 1317 3912 mona·

253 3959 353 4024 sterio
376 3960 551 4047 singulari,
575 3961 725 4040 Quorum
745 3962 880 4048 quidem
903 3961 1119 4029 visitatorum
1143 3963 1189 4028 sie
1204 3965 1319 4030 electo

254 4095 330 4138 rum
353 4080 487 4162 tempus
511 4077 685 4164 regiminis
708 4078 807 4144 duret
828 4079 892 4145 hoc
913 4079 1021 4163 modo,
1045 4080 1210 4166 videlicet,
1228 4083 1317 4167 quod

252 4187 290 4252 in
312 4187 379 4254 fine
402 4189 485 4256 anni
508 4212 528 4255 a
550 4191 604 4256 die
626 4192 846 4258 conclusionis
869 4193 1035 4278 generalis
1064 4195 1204 4282 capituli
1234 4217 1319 4262 com-

254 4302 406 4387 putandi,
431 4303 541 4370 tribus
564 4327 606 4370 ex
628 4305 710 4392 ipsis
726 4305 768 4372 ob
784 4306 891 4372 officio
906 4306 1113 4374 visitationis
1127 4308 1318 4394 hujusmodi

255 4413 425 4499 absolutis,
450 4440 510 4504 per
532 4418 689 4486 abbatem
711 4425 746 4485 et
767 4420 932 4509 predictos
958 4443 1016 4488 sex
1038 4422 1239 4507 visitatores,
1263 4425 1317 4492 vel
