3642 5510
488 1463 554 1545 us
590 1463 716 1546 vrrs
753 1463 1097 1561 sorrrusoos

262 1735 265 1742 .
358 1651 720 1756 ANTONH
767 1649 1226 1758 BARGENSIS

305 2368 333 2434 I.
350 2407 395 2418 -
409 2367 556 2436 Antonii
576 2369 759 2458 Bargensis
788 2400 803 2430 α
826 2370 1016 2438 Chronioon
1039 2400 1053 2430 v
1081 2370 1119 2436 in
1137 2370 1245 2437 lucem
1260 2370 1325 2437 edi-

262 2483 357 2568 turis,
370 2505 522 2570 quaeque
534 2484 730 2570 deductore,
742 2485 849 2572 ipsius
860 2485 942 2569 vita,
955 2484 1114 2570 moribus,
1127 2485 1326 2573 scriptisque

262 2597 358 2666 nobis
369 2597 504 2682 reliotis,
521 2597 609 2664 soitu
622 2597 830 2686 dignissima,
846 2599 963 2666 haberi
973 2599 1113 2688 possint,
1127 2599 1165 2666 in
1176 2600 1323 2667 medium

261 2713 411 2804 proferre
432 2714 529 2782 nobis
551 2714 659 2781 lioeat.
682 2714 767 2782 Eius
789 2714 880 2782 enim
902 2714 985 2799 vite,
1001 2713 1191 2782 moneohali
1205 2714 1327 2780 habitu
1351 2742 1380 2786 n
1393 2744 1512 2798 surgente

261 2831 430 2915 deoorate3
454 2830 526 2897 eius
548 2852 656 2898 mores
679 2830 782 2898 armis
804 2831 1019 2899 consiliorum
1034 2830 1215 2916 Evangelii
1229 2830 1327 2896 oesti-
1353 2815 1511 2940 {quartuo-

261 2947 351 3035 gati;
379 2945 452 3013 eius
480 2946 624 3033 denique
654 2945 789 3034 scripta,
821 2946 977 3034 quemvis
1004 2945 1220 3032 inelegantis,
1245 2944 1327 3012 setis

261 3071 377 3132 temen
391 3063 483 3130 illius
498 3063 619 3130 aetatis
641 3062 788 3130 indolem
810 3061 1004 3147 redolentia,
1028 3062 1137 3149 magis
1152 3062 1327 3150 magisque

262 3180 360 3248 nobis
381 3179 560 3268 profutura
582 3179 824 3246 existimemus.
848 3180 913 3246 Est
934 3179 1025 3246 enim
1040 3179 1178 3268 hujusoe
1192 3184 1327 3248 nostrae

263 3296 383 3365 estatis
397 3296 480 3364 haee
490 3295 742 3364 evidentissima
753 3295 891 3380 indoles,
905 3300 946 3361 ut
957 3295 1080 3380 omnia,
1094 3319 1225 3364 summa
1235 3319 1325 3384 eura,

263 3434 460 3500 summoque
471 3411 592 3496 studio,
604 3411 868 3498 investigentur:
881 3433 920 3477 ea
930 3411 1118 3499 praecipue,
1130 3414 1328 3502 quaeedpa·

264 3527 349 3594 triae
364 3527 524 3596 historiae
538 3532 808 3613 monumentum,
825 3527 954 3614 aliquid
969 3526 1119 3595 conferre
1134 3527 1325 3595 videantur.

263 3643 317 3709 Ex
340 3665 407 3730 quo
428 3643 547 3728 oritur,
571 3649 611 3710 ut
632 3645 688 3712 vel
709 3643 843 3710 minimi
864 3642 1012 3729 ingenio,
1036 3643 1065 3710 si
1085 3664 1197 3710 amore
1218 3642 1328 3710 laudis

263 3759 520 3846 litterarumque
542 3763 751 3846 prementur,
772 3760 814 3826 ad
829 3758 1006 3824 historiam
1017 3758 1089 3846 jam
1104 3758 1232 3846 peracti
1246 3764 1328 3824 tem-

263 3873 355 3961 poris
375 3873 658 3961 investigandam,
683 3897 753 3942 sese
774 3875 865 3942 ultro
887 3875 1021 3940 dedant.
1046 3873 1089 3938 In
1109 3895 1176 3960 quo
1191 3873 1327 3960 quidem

136 4041 142 4052 .
263 4010 411 4073 munere,
434 3989 535 4056 multi
557 4011 683 4073 revera,
707 3995 742 4055 et
763 3989 894 4056 ratione
916 3987 1066 4056 methodi
1088 3989 1137 4054 rei
1158 3989 1328 4075 aetatique

263 4109 398 4171 nostrae
427 4110 535 4193 aptae,
566 4109 602 4170 et
623 4105 754 4171 ratione
784 4105 888 4172 studii
910 4104 1075 4188 veritatis,
1099 4125 1328 4191 quaecumque

263 4217 318 4302 sit,
342 4217 570 4305 inquirendae,
587 4240 748 4306 magnam
763 4219 828 4286 sibi
842 4242 993 4287 meruere
1007 4220 1150 4286 laudem.
1167 4219 1231 4285 Sed
1246 4219 1328 4285 haee

195 4343 201 4356 '
264 4333 405 4400 minima
420 4333 567 4400 utilitas:
584 4355 674 4418 nam,
691 4333 781 4421 quod
795 4334 904 4421 magis
919 4334 1115 4418 curandum,
1129 4339 1165 4400 et
1175 4333 1328 4401 homines

264 4455 300 4514 et
314 4453 467 4536 tempora
477 4446 549 4535 jam
565 4454 650 4532 aeta,
666 4447 798 4535 fulgida
813 4448 895 4534 luoe,
912 4448 1072 4516 historica
1086 4453 1159 4516 arte
1173 4447 1325 4534 deducta,
