3686 5552
399 759 564 835 peticione
588 776 606 818 e
629 758 662 818 la
685 757 819 834 grevitd
843 751 919 818 dell’
936 757 1055 835 ufflcio,
1081 773 1138 834 per
1164 757 1282 834 meglio
1307 757 1513 834 investigare
1536 759 1569 818 la

398 867 518 946 veriti,
544 862 864 946 pe1·s0nalmente‚a'
885 869 925 926 14
942 865 976 926 di
994 865 1137 944 maggio,
1151 866 1179 926 si
1204 867 1301 941 porto
1325 867 1357 926 al
1382 869 1569 928 monastero

398 975 432 1034 di
456 973 688 1052 Montoliveto,
712 973 782 1034 fece
805 973 970 1034 cliiamere
994 973 1046 1033 nel
1070 973 1216 1034 chiostro
1249 972 1260 1032 i
1291 972 1463 1034 testimoni
1486 972 1568 1034 desi-

392 1219 478 1274 davit
496 1219 593 1290 dopno
613 1219 739 1274 Iohanni
760 1218 795 1273 de
816 1219 934 1288 Aratio,
961 1217 1106 1273 monacho
1125 1221 1302 1274 monasterii
1322 1219 1358 1274 de
1377 1219 1475 1288 Sasso,
1500 1217 1572 1272 Are-

393 1311 455 1363 tine
475 1309 610 1378 diocesis,
630 1308 748 1362 Vicerio
767 1327 832 1376 suo,
850 1307 928 1380 quod
942 1309 1132 1379 reciperatio
1147 1327 1287 1364 monacos
1306 1309 1378 1363 dicti
1398 1309 1571 1362 monasterii

393 1400 574 1453 auctoritate
594 1397 665 1454 dicti
686 1397 785 1452 domni
808 1398 944 1470 Episcopi
965 1405 996 1452 et
1014 1403 1142 1466 crearet,
1172 1403 1203 1452 et
1228 1397 1342 1452 faceret
1369 1415 1508 1452 monacos
1532 1399 1572 1468 ip

393 1489 457 1542 sius
470 1490 643 1544 monosterii
658 1488 845 1542 Bernardum
859 1489 954 1542 filium
968 1487 1116 1559 quondam
1131 1487 1242 1542 domini
1257 1488 1332 1542 Mini
1346 1488 1382 1543 de
1396 1488 1572 1555 TholomeiS,

394 1578 560 1632 Patricium
579 1578 656 1633 Olim
677 1578 827 1631 Francisci
848 1576 884 1630 de
904 1577 1045 1632 Patriciis
1065 1584 1097 1630 et
1116 1577 1329 1649 Ambrosgium
1349 1577 1426 1632 Olim
1446 1577 1516 1630 Nini
1534 1575 1570 1630 de

394 1667 487 1733 Senis,
506 1669 663 1738 cupientes
682 1668 713 1720 in
733 1667 812 1720 dicto
833 1667 1027 1738 Monasterio,
1055 1674 1087 1722 et
1116 1669 1147 1720 in
1172 1666 1253 1722 dicta
1281 1667 1386 1739 regula
1411 1672 1442 1720 et
1460 1666 1570 1721 Ordine

395 1757 520 1810 Domino
539 1757 700 1811 deservire.

465 1844 722 1918 [Responderunt:
736 1877 766 1887 —
784 1863 852 1900 cera
870 1863 928 1900 esse
947 1863 1003 1917 qne
1015 1846 1048 1902 in
1061 1847 1137 1901 dicte
1149 1846 1274 1902 articulo
1292 1845 1486 1912 continentur,
1499 1843 1571 1916 qnia

392 1936 518 2006 suerunt
531 1939 680 2006 praenites
697 1937 818 2008 quotide
836 1936 916 1991 dieta
934 1936 1097 1991 eoinmissio
1113 1938 1197 2006 faeta
1219 1935 1282 2006 fnit
1308 1936 1341 1990 in
1369 1935 1481 1990 dictum
1504 1936 1573 2006 dep

393 2042 466 2080 num
486 2027 653 2092 Iohannem,
672 2043 760 2094 atino,
780 2043 876 2082 mense
894 2030 921 2081 et
938 2026 985 2082 die
1004 2026 1037 2080 in
1054 2026 1153 2097 primo
1172 2031 1227 2082 art.
1246 2026 1408 2096 contentisJ.

464 2115 552 2182 Item,
571 2115 649 2184 quod
669 2115 768 2169 dictus
788 2116 926 2170 dominus
946 2117 1076 2172 vicarius
1096 2134 1133 2171 ex
1153 2117 1369 2184 commissione,
1388 2117 1570 2168 auctoritate

394 2209 426 2257 et
444 2203 585 2258 mandato
604 2205 747 2276 predictis
767 2206 840 2259 dicti
861 2205 972 2260 domini
991 2206 1140 2277 Episcopi,
1160 2207 1273 2276 recepit
1292 2212 1323 2259 et
1342 2205 1457 2258 creavit
1475 2204 1572 2258 dictos

394 2293 590 2363 Bernardum,
601 2293 767 2349 Patricium
786 2301 818 2349 et
836 2295 1051 2366 Ambrosgium
1072 2313 1211 2350 monacos
1234 2294 1306 2348 dicti
1327 2294 1512 2361 monasterii,
1529 2309 1573 2346 re·

393 2385 466 2456 gule
480 2390 511 2438 et
524 2383 644 2438 Ordinis
663 2385 764 2438 Sancti
779 2384 940 2452 Benedicti,
955 2393 986 2438 et
999 2387 1095 2456 primo
1109 2383 1287 2439 benedicens
1306 2383 1452 2438 cucullam
1471 2382 1571 2436 albem

393 2481 425 2528 et
444 2473 572 2528 eandem
590 2475 633 2528 sic
652 2473 840 2528 benedictam
868 2475 911 2528 eis
940 2475 1092 2546 imposuit,
1121 2481 1150 2528 et
1170 2474 1307 2528 habitum
1326 2473 1508 2526 monacalem
1529 2489 1571 2524 ra

394 2565 463 2634 gule
482 2563 583 2616 Sancti
603 2565 765 2632 Benedicti,
785 2565 833 2634 qui
855 2564 920 2618 dari
940 2563 1150 2634 profitentibus
1169 2565 1333 2618 consuevit.

465 2652 721 2726 [Responderunt:
745 2687 775 2696 -
796 2671 863 2708 cere
882 2671 941 2708 esse
959 2671 1015 2724 qne
1033 2653 1066 2709 in
1084 2655 1162 2708 dicto
1180 2654 1263 2709 artic.
1282 2653 1476 2720 continentur,
1498 2651 1570 2722 qnia

389 2747 539 2813 presentes
555 2744 680 2812 suerunt
697 2746 724 2797 et
740 2743 921 2797 audieerant
944 2745 1064 2813 qnando
1082 2743 1180 2798 dictus
1198 2745 1316 2813 dopnus
1336 2745 1481 2798 lohannes
1498 2757 1572 2796 com-

393 2833 550 2888 missarius
567 2833 648 2888 amit
666 2837 693 2887 et
710 2849 783 2887 usus
800 2833 869 2902 snit.
881 2832 973 2887 ambis
991 2849 1047 2903 que
1066 2833 1209 2887 dicuntur·
1228 2833 1260 2886 in
1279 2831 1474 2887 benedictione
1494 2834 1572 2886 Pan-

391 2939 498 2976 nornm
517 2926 544 2976 et
561 2924 680 2993 quando
693 2921 789 2976 dictos
801 2922 1021 2976 commissarius
1040 2925 1184 2977 mennam
1197 2921 1240 2976 sic
1256 2921 1435 2976 benedictam
1448 2920 1572 2975 immisit

392 3017 420 3066 et
438 3012 579 3082 imposuit
596 3013 684 3068 dictis
703 3014 864 3080 Bet-nardo,
875 3012 1007 3068 Patricio
1026 3017 1053 3067 et
1073 3013 1235 3084 Ambropio,
1255 3016 1281 3066 et
1299 3011 1441 3066 contentis
1461 3011 1493 3064 in
1514 3013 1571 3064 art.

391 3117 446 3172 pro
464 3102 566 3155 nabitu
584 3104 611 3155 et
628 3101 744 3156 nomine
762 3101 881 3156 habitus
902 3101 1061 3155 monacalis
1088 3103 1185 3170 repnte
1213 3099 1319 3156 Sancti
1340 3097 1500 3165 Benedicti,
1518 3097 1572 3168 qui

392 3189 541 3244 comitevit
557 3189 627 3244 dari
641 3190 852 3260 profitentibus.
872 3189 1051 3258 Interroqati
1068 3191 1104 3243 de
1123 3191 1256 3257 tempore,
1277 3186 1515 3256 responderunt:
1534 3216 1568 3226 -

392 3281 471 3350 qnod
488 3280 550 3348 sitit
568 3279 653 3333 tertia
671 3279 719 3333 die
736 3297 755 3332 a
774 3280 822 3333 die
839 3283 868 3334 et
886 3283 1011 3350 tempore
1029 3279 1167 3348 superins
1180 3277 1321 3347 inprime
1339 3279 1394 3330 art.
1414 3278 1570 3331 declarato.

393 3369 570 3440 Interropati
587 3369 619 3423 in
637 3385 695 3440 qno
713 3371 780 3437 loco,
800 3368 1038 3439 responderunt:
1058 3397 1091 3408 —
1111 3367 1145 3421 in
1163 3370 1222 3422 loro
1241 3365 1451 3435 pitatipatornm
1471 3369 1571 3419 sancte

397 3459 560 3524 Trinitatis,
576 3459 673 3529 posito
692 3463 777 3514 entra
796 3475 898 3514 moros
917 3458 1045 3512 ciuitatis
1063 3457 1170 3526 aretin.

464 3548 551 3616 Item,
562 3547 639 3618 quod
650 3548 774 3619 predicti
789 3547 884 3601 irater
896 3546 1077 3614 BernarduS,
1087 3545 1183 3600 frater
1194 3545 1345 3599 Patricius
1355 3549 1387 3598 et
1396 3543 1491 3598 frater
1503 3545 1571 3596 Am·

392 3638 541 3708 brosgius,
553 3637 691 3691 fecerunt
705 3639 735 3690 in
751 3637 888 3690 manibus
902 3636 974 3689 dicti
990 3636 1089 3690 domni
1103 3636 1222 3702 Vicarii,
1236 3636 1409 3704 recipientis
1421 3651 1476 3704 pro
1490 3633 1570 3687 dicto

393 3728 501 3782 domno
513 3728 659 3797 Episcopo
678 3727 832 3782 verbalem
850 3734 882 3780 et
905 3745 1078 3796 expressam
1091 3725 1307 3796 professionem
1326 3726 1510 3779 monacalem
1528 3741 1570 3779 se·

391 3818 521 3871 cundum
535 3818 645 3870 dictam
659 3819 804 3890 regulam,
814 3824 953 3887 suscepto
963 3817 1069 3872 habitu
1083 3817 1225 3888 predicto,
1240 3817 1453 3886 promittentes
1472 3814 1569 3868 eidem

390 3912 535 3977 perpetuo
555 3909 658 3961 vivere
677 3909 708 3960 in
728 3907 808 3960 dicto
822 3908 1005 3960 monasterio
1025 3908 1089 3960 sine
1102 3907 1235 3977 proprio,
1253 3911 1285 3959 et
1303 3905 1334 3958 in
1353 3905 1494 3958 castitate
1514 3903 1569 3958 sub

391 3995 561 4050 obedientia
580 3996 697 4051 abbatis
716 3997 891 4050 monasterii
911 3996 966 4050 sub
986 3997 1091 4066 regula
1110 3996 1190 4049 beati
1210 3993 1372 4062 Benedicti,
1395 3995 1570 4047 renuncian-

390 4091 437 4140 tes
456 4104 493 4139 cx
513 4092 596 4139 certa
617 4087 744 4140 scientia
763 4103 842 4138 anno
862 4085 1056 4155 probationis,
1087 4092 1118 4138 et
1145 4083 1308 4138 cuiuslibet
1332 4083 1460 4136 alterius
1479 4083 1570 4152 spatii

391 4176 567 4246 temporalis
588 4175 738 4244 benefitio,
758 4177 809 4244 eis,
838 4176 902 4230 sive
916 4175 995 4228 dicto
1023 4175 1205 4228 monasterio
1226 4189 1365 4227 concesso
1387 4189 1439 4242 per
1459 4171 1569 4225 dictam

391 4265 535 4336 regulam,
556 4265 603 4318 vel
623 4283 640 4318 a
659 4266 733 4318 iure.

463 4353 724 4426 [Responderunt:
739 4385 769 4394 -
784 4371 852 4408 vern
864 4370 930 4422 esse,
949 4355 1022 4425 qnia
1040 4356 1187 4424 presentes
1205 4352 1330 4422 faernnt
1347 4354 1375 4406 et
1392 4350 1572 4406 amiserant

390 4445 510 4515 qnando
528 4443 696 4513 supradicti
718 4442 929 4513 professionem
952 4444 1088 4513 fecerunt
1109 4447 1137 4496 et
1161 4441 1354 4496 obedientiam
1368 4439 1571 4511 promiserunt

390 4534 488 4603 dopno
507 4533 634 4588 Iohanni
650 4534 686 4587 de
704 4533 802 4587 Aretio
830 4550 951 4588 monaco
978 4533 1149 4589 monasterii
1161 4536 1208 4588 ¹de
1236 4539 1329 4600 Suasa,
1356 4532 1471 4588 Viccrio
1496 4531 1571 4586 dicti

390 4621 493 4676 donini
511 4621 662 4692 Episcopi.
681 4622 860 4691 Interropati
877 4623 912 4676 de
938 4626 1071 4693 tempore,
1097 4622 1333 4693 responderunt:
1353 4653 1388 4660 -
1407 4622 1485 4692 qnod
1507 4620 1571 4690 fnit
