3642 5510
583 508 727 570 Antonii
746 507 934 580 Beroeaste
1231 514 1290 563 xm

220 705 437 793 promiserat,
472 724 542 770 non
579 701 794 788 praestitisse.
827 700 920 766 Nam
957 721 1034 764 cum
1074 698 1292 766 vehementer
1341 763 1345 771 ,

221 843 380 907 cuperem
403 817 530 904 aliquid
545 817 582 882 in
598 817 734 884 nomine
756 822 817 882 tuo
839 798 943 899 edere,
961 815 1050 901 quod
1072 835 1183 880 meam
1205 812 1242 876 in
1258 817 1293 876 te

221 935 397 1024 pietatem,
413 939 515 1020 atque
529 932 779 999 observantiam
794 931 1010 1018 singularem,
1024 930 1114 1016 apud
1129 927 1294 994 Sanctita-

224 1059 296 1116 tem
311 1057 417 1134 tuam,
434 1055 536 1135 atque
552 1050 634 1115 adeo
649 1069 764 1114 omnes
779 1047 1025 1130 testificaretur,
1042 1045 1130 1111 hano
1144 1042 1294 1131 profecto

225 1189 309 1250 rem,
333 1165 540 1232 authoritate
562 1171 623 1230 tua
644 1164 791 1230 maxime
812 1162 952 1248 dignam
975 1159 1210 1228 existimavi.»

273 1283 362 1348 Rem
384 1280 493 1367 ipsam
516 1302 615 1366 agere
629 1285 664 1346 et
679 1279 846 1367 explicare
860 1283 1011 1344 conatur.
1036 1275 1161 1341 «Ante
1183 1273 1297 1341 omnia

227 1419 292 1484 par
305 1419 377 1462 esse
392 1395 546 1479 arbitror,
562 1417 639 1460 cum
657 1395 699 1460 de
714 1394 860 1460 hominis
871 1391 1078 1480 praestantia
1090 1395 1297 1456 tractaturus

229 1511 305 1597 sim,
328 1533 389 1578 cur
410 1511 502 1578 Deus
523 1511 696 1577 hominem
718 1509 843 1593 feeerit,
867 1509 982 1598 paucis
1005 1529 1211 1594 exponere.»
1232 1505 1298 1571 Hic

230 1627 494 1710 Platonicorum,
511 1625 710 1709 Stoicorum,
727 1631 986 1710 sanctorumque
1004 1625 1146 1690 Petrum
1169 1628 1299 1689 senten-

232 1743 297 1809 tias
319 1741 433 1826 refert,
458 1741 656 1828 Augustini,
687 1741 868 1824 Lactantii,
898 1740 1055 1825 Gregorii
1082 1747 1116 1804 et
1142 1737 1300 1824 Magistri

233 1857 495 1924 Sententiarum.
518 1857 570 1922 De
592 1855 867 1922 Beatitudinibus
882 1861 916 1922 et
930 1855 1063 1942 gaudiis
1079 1875 1300 1942 supernorum

234 1973 361 2040 civium
382 1971 644 2059 pulcherrimam
667 1993 771 2058 agens
793 1971 982 2058 synthesim
997 1972 1053 2054 (1),
1077 1971 1180 2036 finem
1210 1967 1303 2056 operi

236 2087 377 2154 feliciter
398 2086 555 2174 imponit.
774 2149 778 2158 ,
939 2141 942 2147 Α

281 2203 365 2268 ΧΠ.
382 2241 427 2250 -—
442 2203 542 2268 Nunc
563 2208 679 2269 autem
701 2203 742 2268 de
764 2202 830 2268 alio
851 2201 964 2268 libello
979 2201 1161 2290 Bargensis
1183 2221 1305 2276 memo·
1393 2227 1422 2296 ,e

239 2318 323 2384 mam
346 2317 454 2384 faeere
476 2318 584 2402 liceat,
608 2317 668 2404 qui
690 2317 727 2382 in
751 2318 864 2404 aliqua
886 2317 974 2384 forte
996 2307 1076 2384 aede
1099 2315 1305 2384 accademica
1350 2303 1389 2400 J„
1406 2299 1427 2399 ζ
1449 2297 1476 2397 ,⁰

240 2433 381 2520 Neapoli
403 2433 546 2520 abipso
580 2440 715 2500 auctore
745 2433 930 2520 legebatur,
961 2435 1017 2501 vel
1044 2434 1164 2500 saltem
1198 2431 1305 2498 eidem
1350 2428 1459 2470 Μ·

241 2547 358 2638 Barth.
382 2547 503 2615 Fascio
525 2554 642 2616 auctor
669 2547 806 2616 dicavit.
830 2549 964 2614 Titulus
987 2554 1058 2616 est:
1096 2547 1236 2614 «Liber
1265 2547 1306 2612 de

242 2663 499 2749 Magistratibns
521 2668 556 2728 et
570 2663 735 2730 Praelatis
752 2693 781 2728 ».
798 2663 903 2731 Istius
922 2664 1002 2730 libri
1023 2664 1201 2751 epistolam
1223 2684 1308 2728 nun-

242 2777 452 2866 cupatoriam
473 2778 512 2844 in
526 2779 675 2845 medium
692 2778 841 2867 proferre
856 2779 1028 2863 nonlicet,
1045 2778 1126 2865 quia
1145 2777 1308 2864 quaedam

244 2891 334 2976 folia,
358 2892 396 2959 in
418 2893 541 2979 quibus
563 2893 670 2980 major
693 2894 802 2980 operis
824 2916 904 2981 pars
925 2893 1171 2977 continebatur,
1194 2892 1232 2958 in
1254 2913 1311 2958 no·

243 3011 313 3074 stro
335 3007 445 3074 codice
467 3009 578 3075 deesse
611 3008 719 3078 video.
749 3009 842 3096 Opus
869 3013 984 3076 autem
1017 3014 1150 3076 constat
1183 3013 1311 3094 septem

245 3121 422 3210 capitibus,
445 3129 548 3212 prout
569 3124 607 3190 in
629 3123 739 3190 indice
761 3123 936 3212 habetur(
959 3132 980 3206 ).
1209 3111 1218 3131 '

281 3355 319 3424 (1)
338 3353 386 3409 Of.
406 3354 586 3426 praesertim
605 3354 685 3426 (edit.
705 3355 769 3426 cit.)
788 3371 857 3426 pag.
879 3354 941 3424 155,
966 3353 1021 3410 ubi
1044 3354 1080 3410 de
1104 3352 1237 3424 imagine
1257 3354 1315 3410 Dei

248 3442 280 3497 in
297 3440 420 3498 homine
437 3448 469 3498 et
480 3460 510 3516 p.
526 3443 653 3513 rer-167,
669 3441 724 3497 ubi
738 3442 775 3498 de
787 3441 909 3513 gaudiis
928 3447 960 3497 et
980 3441 1225 3499 beatitudinibus
1238 3443 1314 3498 elec·

249 3535 352 3585 torum
370 3529 476 3587 Barth.
497 3529 627 3586 Paccius
646 3530 721 3602 agit.

283 3619 321 3688 (2)
339 3616 461 3690 Videas,
481 3635 606 3690 quaeso,
632 3618 730 3690 hujus
750 3619 852 3690 operis
877 3619 1017 3674 indicem.
1044 3619 1152 3692 «Gap.
1172 3619 1206 3674 I:
1234 3619 1315 3684 Quo·

248 3707 336 3762 modo
354 3705 486 3778 praelati
511 3713 731 3779 comparentur
749 3707 874 3764 medicis
898 3713 930 3763 et
947 3707 981 3763 iu
1002 3707 1117 3780 quibus
1141 3707 1315 3764 virtutibus

249 3799 450 3867 occupentur.
465 3825 500 3836 -
512 3794 584 3867 Gap.
605 3795 656 3850 II:
679 3795 724 3850 De
743 3795 855 3850 timore
868 3794 973 3852 divino
993 3803 1024 3852 et
1037 3797 1074 3852 de
1087 3795 1314 3866 affectionibuS,

250 3887 401 3954 quantum
414 3884 452 3938 ad
464 3883 647 3954 praelatum.
659 3913 695 3924 —
705 3882 776 3956 Cap.
792 3883 860 3938 111:
875 3883 964 3950 Quod
975 3885 1134 3957 praelatus
1147 3883 1189 3940 sit
1201 3883 1318 3940 miseri-

251 3987 327 4026 cors.
343 4003 378 4012 —
391 3969 460 4043 Gap.
479 3969 534 4026 lV:
555 3970 645 4037 Quod
656 3971 814 4043 praelatus
833 3971 876 4028 sit
893 3971 1008 4028 iustus.
1023 4003 1059 4014 -
1071 3972 1143 4043 Gap.
1161 3971 1207 4027 V:
1229 3971 1318 4037 Qood

252 4058 410 4130 praelatus
423 4065 548 4130 spernat
560 4076 698 4116 munera.
713 4091 749 4105 -
762 4061 834 4132 Cap.
849 4059 911 4115 VI:
936 4060 1026 4126 Quod
1043 4061 1202 4132 praelatus
1218 4059 1321 4114 omnia

250 4145 346 4202 faciat
363 4145 402 4202 ad
420 4145 591 4203 utilitatem
609 4146 817 4204 subditorum.
832 4178 866 4189 -
881 4147 951 4221 Gap.
972 4147 1047 4204 VH:
1069 4149 1114 4204 De
1133 4147 1319 4205 excellentia

252 4234 471 4308 praelatorum.
493 4253 509 4290 a

287 4321 325 4379 In
343 4325 450 4380 nostro
470 4321 572 4380 codice
591 4321 747 4380 habentur
765 4321 957 4382 solummodo
976 4323 1033 4380 XV
1046 4323 1123 4381 folia
1141 4319 1238 4395 hujus
1252 4339 1319 4396 ope·

253 4407 312 4468 ris:
333 4409 454 4484 reliqua
471 4409 685 4484 praecedentia
704 4409 828 4469 desunt.
