3594 5576
399 567 555 612 ORIGINE
580 549 687 613 DELL'
702 569 842 616 ORDINE
867 571 906 615 DI
930 571 1195 620 MONTOLIVE'PO
1318 563 1380 620 181

509 697 557 700 .-
742 697 1238 708 .-.-.——.--—-———.-—-.
1252 704 1397 710 ..—-..---

282 785 351 844 Gon
382 790 500 859 questa
531 786 744 860 progressiva
773 788 948 848 ditl'usione
978 807 1043 848 non
1075 791 1136 850 ea
1162 793 1295 852 credere
1325 795 1384 853 che

216 887 236 949 l'
255 891 380 952 Ordine
403 891 436 950 di
462 893 696 970 Montolivoto,
722 890 798 952 nell⁷
815 911 999 971 aggregare
1029 897 1040 956 i
1072 899 1143 957 suoi
1168 899 1330 974 ampliati,
1356 902 1384 960 si

213 999 375 1060 limitasse
409 1017 428 1057 a
464 999 565 1074 quelli
602 1000 673 1060 nati
702 1001 821 1061 dentro
850 1002 882 1063 le
911 1004 1041 1064 cerchia
1072 1001 1148 1064 dell'
1167 1006 1288 1067 Italia:
1324 1008 1384 1067 cire

209 1309 313 1362 vantia
332 1309 490 1378 copuletur
508 1313 539 1362 et
559 1314 741 1380 propagetur
771 1327 805 1362 ac
836 1313 989 1381 perpetuis
1018 1313 1204 1382 temporibus
1226 1315 1389 1368 salubriter

208 1397 394 1452 observetur.
414 1398 454 1452 Et
473 1415 525 1468 per
545 1404 643 1452 toturn
663 1400 828 1469 capitulum
848 1401 1023 1470 predictum,
1050 1405 1168 1457 nemine
1188 1403 1387 1474 discrepante,

209 1487 366 1540 obtentum
385 1487 477 1540 fuerit
496 1494 531 1540 ut
549 1493 730 1558 acceptatur,
751 1488 895 1558 nobisque
915 1493 1073 1545 commissa
1088 1493 1129 1545 sit
1142 1494 1239 1546 omnis
1252 1500 1386 1564 potestas

209 1581 240 1630 in
259 1577 431 1632 huiusmodi
451 1583 627 1648 opportuna.
647 1577 762 1631 Idcirco
782 1595 836 1632 nos
857 1579 1062 1635 desiderantes
1082 1583 1196 1651 pariter
1220 1589 1251 1636 et
1270 1601 1388 1653 speran-

209 1673 256 1721 tes
270 1666 363 1721 divini
377 1669 476 1721 cultus
490 1673 521 1720 et
534 1668 631 1721 nostri
645 1667 771 1738 predicti
792 1669 870 1722 sacri
890 1668 1010 1746 Ordinis
1029 1677 1227 1740 augmentum
1237 1690 1271 1726 ac
1283 1679 1387 1727 sancte

207 1757 357 1826 regularis
376 1756 568 1810 observantie
589 1758 837 1828 propagationem
857 1757 892 1812 de
912 1759 1046 1827 consilio,
1065 1777 1211 1816 consensu
1231 1768 1263 1815 et
1281 1763 1385 1817 volun·

208 1851 272 1900 tate
292 1847 509 1900 venerabilium
529 1849 559 1900 in
579 1848 694 1902 christo
714 1855 835 1917 patrum
855 1851 989 1904 omnium
1009 1852 1203 1906 visitatorum
1224 1852 1295 1906 dicti
1311 1853 1386 1906 ordi·

208 1937 254 1988 nis
273 1935 358 1990 nobis
378 1937 409 1989 in
424 1937 569 2006 regimine
590 1953 627 1989 ex
647 1937 808 2007 apostolice
829 1935 907 1992 sedis
934 1944 966 1991 et
991 1939 1116 2008 predicti
1137 1939 1251 1994 ordinis
1271 1941 1387 1994 ordina-

209 2025 318 2076 mentis
337 2025 563 2090 associatorum,
582 2026 661 2077 omni
683 2027 740 2091 via,
764 2027 839 2090 iure,
859 2026 944 2080 modo
959 2034 989 2079 et
1002 2025 1215 2098 formaquibus
1234 2029 1342 2082 melius
1355 2035 1387 2081 et

208 2111 357 2166 efficacius
371 2112 435 2166 fieri
450 2121 481 2166 et
494 2130 560 2166 essa
574 2120 715 2183 potestat
728 2115 828 2184 potuit
846 2116 1001 2185 elegimus,
1020 2118 1240 2184 constituimus
1260 2117 1386 2172 facimus

208 2207 239 2254 et
258 2201 464 2256 ordinavimus
484 2209 604 2257 nostros
623 2210 654 2257 et
673 2204 876 2274 predictorum
895 2206 1022 2275 capituli
1051 2215 1082 2259 et
1110 2206 1226 2260 ordinis
1248 2223 1337 2261 veros
1356 2217 1387 2259 et

208 2291 376 2362 legittimus
396 2292 525 2347 sindicos
543 2299 576 2346 et
596 2300 806 2362 procuratores
826 2311 860 2347 ao
880 2301 979 2350 certos
997 2303 1028 2349 et
1046 2297 1192 2366 speciales
1205 2299 1340 2364 nuncios,
1355 2303 1386 2350 et

208 2381 329 2452 quiquid
360 2384 467 2436 melius
495 2400 560 2436 esse
589 2389 698 2452 posset,
730 2384 916 2438 venerabiles
938 2387 967 2438 in
988 2387 1104 2440 christo
1123 2393 1226 2456 patres
1245 2386 1386 2440 videlicet

208 2469 333 2524 fratrem
352 2471 520 2542 Baptistam
542 2472 577 2524 de
596 2472 781 2543 podiobonici
803 2473 942 2528 abbatam
961 2477 1136 2528 monasterii
1155 2475 1255 2529 Sancti
1283 2475 1386 2528 Miniu-

207 2561 249 2614 tis
267 2560 303 2613 de
323 2578 414 2631 prope
433 2559 604 2616 florentiam
632 2567 664 2614 et
691 2561 817 2616 fratrem
838 2561 1032 2618 Franciscum
1052 2564 1088 2617 de
1107 2551 1235 2618 bononia
1254 2566 1383 2636 priorem

208 2651 383 2704 monasterii
402 2652 500 2704 sancti
518 2651 673 2705 Benedicti
702 2651 737 2704 da
766 2651 858 2720 Senis,
879 2653 1012 2706 eiusdem
1032 2653 1159 2720 Ordinis,
1181 2662 1335 2724 presentes
1353 2663 1385 2708 et

207 2745 408 2810 acceptantes
428 2747 459 2795 et
478 2741 604 2794 fratrem
624 2741 750 2794 Paulum
771 2741 807 2795 dc
833 2743 1007 2796 christianis
1034 2743 1068 2797 de
1099 2744 1226 2796 bononia
1253 2747 1383 2814 priorem

208 2831 382 2883 monasterii
404 2829 515 2883 Montis
535 2830 670 2898 Morcini,
690 2832 781 2884 etiam
803 2831 873 2884 dicti
895 2831 1016 2898 ordinis,
1045 2833 1199 2886 absentem
1232 2841 1383 2904 tamquam

208 2926 376 2988 presentem
398 2927 429 2972 et
448 2919 611 2990 quemlibet
630 2922 762 2989 ipsorum
782 2922 812 2973 in
832 2921 960 2974 solidum
985 2922 1022 2974 ad
1048 2923 1248 2990 tractandum,
1275 2926 1385 2994 capitu·

206 3007 338 3076 landum,
358 3009 592 3076 componendum
612 3016 644 3062 et
662 3006 901 3063 conveniendum
921 3027 987 3063 curn
1007 3014 1188 3065 auctoritate
1209 3018 1310 3066 tamen
1322 3031 1383 3083 pre·

206 3095 259 3150 fati
281 3099 463 3151 sanctissimi
483 3097 583 3151 domni
604 3100 700 3151 nostri
721 3116 795 3168 pape
809 3100 857 3154 vel
871 3101 937 3153 eius
957 3101 1110 3170 apostolici
1131 3103 1326 3156 commissarii
1348 3102 1383 3155 de

206 3193 237 3238 et
255 3204 345 3257 super
364 3187 502 3241 omnibus
522 3194 554 3241 et
572 3189 701 3258 singulis
721 3188 825 3255 modis,
840 3190 1096 3257 conventionibus
1116 3190 1339 3245 condicionibus
1353 3199 1384 3244 et

206 3276 471 3346 compositionibus
491 3277 635 3343 honestis,
656 3278 746 3330 licitis
766 3283 797 3329 et
816 3278 906 3331 iustis
927 3285 958 3331 et
977 3281 1161 3349 opportuuiS,
1190 3291 1225 3332 ut
1250 3280 1384 3350 predicta

207 3366 285 3434 unio,
305 3365 339 3418 de
360 3384 419 3436 qua
437 3383 528 3436 supra
554 3366 673 3435 dicitur,
692 3369 832 3420 canonice
852 3376 884 3421 et
903 3369 1049 3438 legittime
1069 3368 1130 3422 fiat.
1149 3368 1189 3422 Et
1201 3369 1239 3423 ad
1252 3370 1383 3440 obligan-

206 3453 277 3508 dum
296 3473 349 3508 nos
369 3462 399 3508 et
418 3455 552 3509 ordinem
572 3457 669 3527 ipsum
689 3457 746 3510 sub
766 3457 905 3511 omnibus
924 3463 956 3510 et
975 3459 1102 3529 singulis
1122 3458 1264 3529 predictis
1278 3459 1384 3527 modia,

207 3545 455 3599 conventionibus
474 3547 576 3614 iustis,
595 3547 686 3599 licitis
706 3553 737 3600 et
759 3546 901 3614 honestis,
932 3547 968 3600 de
996 3547 1104 3618 quibus
1129 3551 1326 3602 convenerint
1353 3556 1384 3604 et

206 3634 461 3702 concordaverint,
481 3653 548 3688 cunr
568 3637 694 3689 scientia
709 3637 828 3689 licentia
842 3643 873 3690 et
886 3639 1067 3691 auctoritate
1079 3640 1261 3692 sanctissimi
1281 3638 1381 3692 domni

206 3723 301 3776 nostri
331 3741 405 3793 pape
435 3727 480 3778 vel
512 3725 575 3778 eius
603 3727 809 3794 commissarii,
837 3727 873 3780 ad
902 3727 1129 3780 inhabitandum
1149 3729 1178 3780 in
1200 3729 1382 3782 monasterio

206 3811 323 3880 prefato
341 3821 443 3866 sancte
462 3815 568 3881 cruciS,
588 3823 619 3866 et
638 3814 676 3867 ad
696 3814 915 3870 observandum
936 3818 1035 3868 omnia
1049 3823 1079 3868 et
1097 3817 1216 3888 singula
1235 3817 1382 3886 ordinata,

205 3903 370 3971 capitulata
389 3909 420 3954 et
439 3911 594 3956 conventa.
614 3904 654 3956 Et
680 3903 717 3957 ad
747 3904 942 3974 prestandum
970 3906 1001 3958 in
1030 3907 1160 3960 animam
1189 3913 1325 3960 nostram
1353 3913 1383 3959 et

207 3991 337 4044 omnium
357 4000 388 4044 et
406 3993 592 4063 singulorum
612 3993 684 4046 dicti
704 3995 827 4063 capituli
840 3995 992 4065 generalis
1006 4001 1036 4047 et
1050 3994 1163 4048 ordinis
1183 3997 1280 4050 nostri
1296 4013 1383 4050 omne

206 4088 405 4152 opportunam
425 4090 456 4136 et
475 4085 661 4154 requisitum,
682 4087 796 4139 iustum
816 4093 847 4138 et
866 4086 1027 4140 honestum
1047 4088 1250 4140 iuramentum
1270 4088 1299 4140 in
1320 4103 1384 4157 pre·

205 4171 292 4224 dictis
312 4179 344 4224 et
361 4174 439 4226 circa
461 4172 593 4242 predicta
614 4184 645 4228 et
665 4174 819 4245 quodlibet
838 4175 1058 4245 predictorum:
1090 4184 1122 4229 et
1141 4176 1178 4229 ad
1199 4177 1380 4230 substituen-

205 4259 274 4312 dum
294 4277 386 4313 unum
407 4267 437 4312 et
457 4260 565 4330 plures,
586 4269 617 4315 et
635 4263 727 4316 semel
747 4271 779 4316 et
800 4265 919 4332 pluries,
951 4272 1176 4333 procuratorem
1196 4271 1228 4318 et
1247 4283 1383 4335 procura·

206 4355 295 4414 tores
316 4350 378 4402 loco
398 4352 453 4406 sui.
474 4352 502 4403 in
524 4351 665 4420 predictis
685 4358 716 4405 et
735 4352 771 4405 ad
792 4351 925 4422 predicta
945 4360 977 4406 et
996 4353 1151 4423 quodlibet
1170 4353 1382 4424 predictorum.

205 4437 245 4490 Et
263 4438 299 4492 ad
319 4439 511 4509 obligandum
530 4441 629 4494 omnia
649 4447 680 4494 et
699 4443 817 4512 singula
831 4442 907 4495 bona
923 4445 1074 4512 presentia
1088 4451 1119 4498 et
1131 4443 1236 4497 futura
1249 4443 1382 4498 eiusdem

205 4526 333 4594 Ordinis,
353 4537 384 4580 et
404 4530 562 4598 presertim
583 4529 708 4599 predicti
730 4532 902 4602 principalis
923 4534 1097 4586 monasterii
1119 4535 1215 4588 nostri
1235 4539 1267 4588 et
1285 4551 1382 4588 mona-

206 4617 290 4669 sterii
310 4619 421 4672 montis
447 4617 571 4672 Morcini
597 4621 772 4689 cuicumque
793 4637 926 4690 persone,
947 4638 1004 4692 qus
1024 4639 1077 4691 pro
1096 4623 1278 4692 supradictis
1298 4621 1383 4694 perfi-

207 4706 320 4760 ciendis
340 4724 391 4760 seu
413 4709 580 4762 tractandis
599 4727 669 4763 suas
689 4712 830 4780 pecunias
849 4710 1083 4765 exbursavarirrt
1101 4729 1155 4766 seu
1175 4715 1384 4768 mutuaverint
