3642 5510
556 509 746 571 euroatoon
766 507 891 570 Montis
917 507 1034 570 oliveti
1288 509 1323 568 11

248 702 324 764 cius
345 699 521 774 salutatus,
542 699 575 762 io
598 699 738 762 secundo
759 697 855 773 libro,
869 699 925 780 qui
939 699 980 764 de
993 699 1103 763 seculo
1117 700 1151 763 et
1164 701 1325 782 religione

252 807 358 870 inscri
372 805 378 888 Ι
394 805 493 882 bitus,
515 806 556 868 ad
576 805 839 868 camaldulenses
858 803 1029 879 destinate,
1051 806 1114 868 ait:
1140 808 1253 886 Cogita
1279 807 1327 872 te·

252 931 330 978 cum
354 914 415 976 has
441 931 483 994 pu
500 912 505 994 Ι
521 929 575 976 ras
606 912 731 977 vestes:
764 929 881 991 magno
913 913 946 974 te
976 911 1164 992 astringere
1194 915 1325 976 vinculo

255 1020 422 1100 puritatis:
444 1036 524 1100 quas
545 1035 671 1084 mecum
688 1018 692 1100 Ι
707 1035 783 1098 sepe
796 1019 1016 1092 considerans,
1031 1020 1175 1084 admiror
1190 1023 1325 1085 sanctis·

254 1129 373 1190 simum
403 1128 494 1190 illum
525 1126 662 1205 patrem,
692 1127 902 1206 virginisque
918 1125 922 1207 Ι
940 1127 1043 1188 Marte
1071 1128 1225 1190 devotum
1247 1132 1325 1192 Ber·

253 1237 403 1310 nardum,
424 1251 570 1299 necnon
591 1235 625 1298 et
645 1237 793 1298 sanctum
825 1234 1039 1296 Romualdum
1056 1232 1061 1315 Ι
1078 1235 1180 1314 tuum,
1215 1236 1327 1299 divina

253 1343 456 1406 revelatione
469 1341 588 1403 vidisse
601 1340 682 1402 albis
701 1339 830 1402 indutos
841 1338 995 1412 vestibus,
1007 1339 1111 1402 scalas
1128 1337 1132 1420 Ι
1149 1341 1324 1405 ascendere

255 1448 406 1526 peradisi.
420 1448 614 1526 Aptissimus
628 1446 757 1525 quidem
771 1447 861 1509 color
878 1446 971 1507 albus
991 1445 1145 1524 religioni
1158 1444 1162 1526 Ι
1176 1447 1322 1520 videtum

255 1555 312 1634 qui
335 1569 463 1636 semper
490 1569 549 1616 nos
575 1553 771 1632 a[d]monet,
800 1569 896 1631 quam
926 1552 1141 1626 immaculate,
1162 1571 1323 1634 quamque

143 1724 148 1736 ,
255 1659 381 1733 devote,
401 1660 469 1722 vite
484 1658 489 1741 Ι
506 1660 619 1722 nostre
639 1659 704 1721 sint
734 1659 882 1737 tempora
912 1659 1133 1739 transigenda.
1159 1660 1321 1725 Attamem

255 1769 346 1832 color
366 1768 462 1846 niger
475 1769 584 1847 magni
599 1767 633 1828 in
654 1783 689 1830 se
710 1784 747 1829 re
764 1766 767 1848 Ι
784 1767 869 1830 tinet
889 1768 956 1828 vim
971 1767 1124 1841 misterii;
1143 1768 1321 1846 penitentie

255 1875 343 1939 enim
364 1873 497 1950 luctum,
518 1875 665 1938 nostrive
685 1891 847 1937 merorem
868 1875 921 1936 exi
939 1873 943 1954 Ι
960 1873 1004 1948 lii,
1025 1891 1088 1939 nec
1108 1892 1174 1937 non
1192 1875 1322 1938 humili·
1394 1893 1395 1898 ¹

255 1981 343 2056 tatis,
364 1981 617 2060 abiectionisque
632 1981 753 2044 statum
773 1980 955 2060 prefigurat
972 1979 1029 2059 (l).
1051 1981 1107 2043 Set
1123 1981 1227 2044 maius
1244 1981 1248 2063 Ι
1264 1983 1322 2044 ali-

256 2087 331 2166 quid
352 2087 498 2149 continet
518 2087 608 2148 color
627 2086 736 2147 albus:
758 2101 833 2147 nam
854 2085 1015 2164 presentis
1036 2086 1104 2148 vite
1124 2086 1259 2165 pariter,
1288 2088 1322 2151 et

257 2194 329 2255 tutu
345 2192 350 2274 Ι
366 2210 404 2256 re
422 2193 606 2256 claritatem
621 2193 838 2272 representat.
853 2194 991 2272 Ideoque
1002 2195 1036 2255 in
1044 2195 1211 2272 primitiva
1222 2197 1322 2259 eccle-

257 2301 314 2373 sia,
325 2315 437 2362 omnes
449 2316 490 2362 no
504 2297 508 2381 Ι
521 2299 610 2362 viter
620 2297 783 2378 baptizati,
795 2300 1014 2363 induebantur
1025 2303 1170 2364 vestibus
1181 2303 1271 2365 albis.
1279 2307 1322 2366 At

257 2424 345 2482 vero,
366 2409 443 2487 quia
462 2409 501 2470 ab
522 2408 651 2486 incepto
668 2405 672 2488 Ι
688 2407 855 2486 paululum
883 2409 1022 2488 digressi
1049 2427 1170 2483 sumus,
1194 2411 1321 2490 tempus

256 2516 314 2588 est,
339 2518 376 2578 ut
402 2515 443 2576 ad
470 2514 670 2577 narrationis
697 2515 853 2590 ordinem,
870 2514 875 2597 Ι
891 2517 1109 2580 revertamur.
1137 2519 1213 2582 Post
1240 2535 1320 2582 vero

256 2637 320 2682 non
335 2621 472 2682 multum
487 2621 814 2698 temporis‚homines
832 2623 890 2684 Dei
910 2622 1127 2702 adpretatum
1148 2622 1319 2704 Atratino
1372 2709 1384 2751 I
1492 2709 1506 2753 d

1387 2713 1457 2750 terum
1478 2716 1491 2750 u

1344 2778 1509 2834 episcopum

255 2727 396 2790 civitatis
417 2728 600 2806 episcopum
621 2729 838 2803 revertentes,
860 2731 900 2792 ab
920 2719 1160 2794 eo'honoridce
1178 2733 1318 2812 suscepti

254 2836 350 2908 sunt;
381 2835 625 2914 indicantesque
651 2835 682 2897 ci
709 2836 759 2896 sui
786 2837 946 2900 adventus
973 2855 1114 2912 causam,
1136 2841 1319 2920 efflagitant
1344 2849 1463 2893 Aretinum
1483 2860 1508 2892 ιο

254 2942 450 3021 suppliciter,
471 2940 507 3003 ut
533 2941 574 3003 ad
590 2939 594 3022 Ι
610 2942 818 3019 perfectionis
845 2947 982 3023 recipiat
1008 2947 1172 3026 solempne
1195 2949 1318 3012 votum.
1345 2919 1507 3047 ζζζῗζζζὲἕξ

255 3050 315 3118 Qui
345 3050 485 3112 libenter
515 3050 567 3128 pio
599 3066 747 3112 annuens
764 3049 767 3130 Ι
784 3051 953 3125 desiderio,
979 3070 1069 3118 more
1097 3057 1252 3136 solempni
1284 3059 1318 3120 in
1343 3063 1453 3108 dimitr-

255 3157 435 3220 cathedrali
450 3157 587 3220 ecclesia
601 3158 779 3220 celebravit
800 3159 894 3222 miste
911 3157 915 3239 Ι
932 3161 983 3222 ria
1003 3163 1191 3236 salvatoris,
1206 3165 1241 3226 et
1254 3164 1318 3226 hiis

255 3265 392 3343 expletis
406 3265 445 3326 ad
460 3280 495 3326 se
508 3264 645 3327 acensiri
666 3265 742 3328 lecit
763 3267 932 3344 quemdam
950 3267 1132 3332 Johannem
1149 3269 1153 3344 Ι
1170 3273 1318 3334 abbatem

254 3373 293 3434 de
313 3375 407 3444 Saxo,
427 3370 554 3433 aretine
574 3371 718 3444 diocesis
740 3373 798 3434 sub
826 3374 918 3436 cuius
943 3377 1024 3450 vice,
1045 3378 1173 3441 eosdem
1193 3379 1228 3440 iu
1244 3377 1248 3460 Ι
1264 3380 1319 3442 bct

255 3479 420 3558 profiteri;
441 3494 528 3540 enno
543 3477 692 3540 videlicet
706 3495 726 3539 a
740 3480 838 3543 Verbi
856 3480 944 3542 missi
962 3483 1196 3560 incarnatione,
1217 3488 1319 3550 mille-

254 3585 334 3646 simo
347 3583 351 3664 Ι
364 3584 611 3647 trecentesslmo
620 3583 837 3658 decimonono,
848 3585 900 3648 die
910 3586 1084 3665 vigessima
1094 3590 1189 3652 sexta
1199 3593 1318 3654 mensis

255 3708 326 3754 mar
342 3689 345 3772 Ι
361 3691 409 3765 tii,
424 3692 599 3754 indictione
612 3691 762 3760 secunda,
777 3693 898 3754 Tamen
914 3693 1007 3755 multi
1021 3694 1143 3769 terunt,
1158 3697 1220 3760 hoc
1233 3701 1317 3777 quod

253 3799 373 3863 dictum
388 3800 446 3873 est,
463 3798 467 3879 Ι
484 3801 518 3860 in
532 3799 669 3862 ecclesia
682 3798 884 3862 sanctissime
894 3800 1065 3865 Trinitatis
1076 3802 1196 3866 factum
1207 3807 1316 3881 luisse,

255 3987 467 3998 ...σα-

289 4107 329 4181 (1)
348 4107 415 4162 Hoc
441 4107 508 4163 loco
534 4106 677 4178 habetur,
702 4107 735 4163 in
759 4106 880 4165 duobus
909 4107 1049 4165 textibus
1076 4107 1175 4183 hujus
1196 4110 1313 4183 Cleon„

252 4195 364 4252 notula
386 4195 482 4252 rubro
507 4201 679 4252 atramento
703 4195 837 4269 scripta:
864 4197 952 4254 «Hic
974 4197 1180 4270 distinguitur
1199 4205 1315 4272 quanto

254 4284 339 4340 color
357 4283 448 4342 albus
465 4285 566 4342 multo
585 4285 657 4358 plus
675 4285 885 4358 supereminet
903 4286 1000 4343 colori
1017 4286 1105 4358 nigro
1124 4305 1179 4360 per
1197 4305 1315 4360 compa-

251 4371 403 4431 rationem
414 4392 439 4430 ι.
