3642 5510
533 557 724 618 chronicon
742 553 867 615 Montis
892 552 1008 615 oliveti
1263 550 1300 610 19

237 765 296 828 pro
316 748 459 828 quolibet
478 750 638 812 darentur
657 749 720 810 duo
741 763 811 810 ova.
828 746 833 829 Ι
848 747 1006 810 Similiter
1025 746 1059 807 in
1080 746 1171 808 lestis
1191 747 1232 807 ab
1250 762 1302 808 eo·

237 857 335 920 alesia
355 857 525 936 preceptis.
546 860 584 920 ln
605 856 836 920 festivitatibus
855 871 936 917 vero
956 851 1177 934 melioribus,
1201 869 1300 916 unus·

238 964 373 1044 quisque
394 964 491 1026 insui
506 963 707 1042 portionead
722 963 902 1041 prandium,
916 963 1063 1041 tempore
1076 977 1141 1024 non
1158 959 1163 1041 Ι
1178 961 1301 1034 ieiunii,

238 1071 300 1132 duo
326 1086 390 1132 ova
416 1070 601 1148 recipiebat.
622 1071 744 1132 Estatis
770 1071 879 1133 autem
910 1071 1056 1149 tempore
1086 1071 1127 1132 ad
1158 1066 1298 1147 cenam!

239 1191 353 1253 panem
374 1174 407 1237 et
428 1190 557 1236 caseum
578 1191 651 1238 oum
672 1175 815 1248 salititio,
837 1177 940 1238 solum
961 1174 1216 1252 manducabant:
1237 1173 1301 1234 hiis

239 1297 280 1342 ex
296 1278 301 1360 Ι
317 1280 419 1358 ceptis
435 1281 560 1353 diebus,
582 1297 662 1359 quos
682 1282 896 1358 premisimus.
918 1281 1039 1360 Quippe
1059 1281 1093 1342 in
1114 1279 1300 1343 sanctorum

237 1387 329 1464 vigili
347 1385 352 1468 Ι
368 1387 396 1448 is
410 1387 450 1448 ab
470 1389 608 1450 ecclesia
627 1389 766 1461 indictis,
787 1390 896 1451 nullus
910 1389 1085 1468 quidquam
1105 1388 1188 1452 cocti
1202 1402 1302 1450 come

238 1494 340 1556 debat
369 1496 450 1556 Nam
466 1492 471 1575 Ι
487 1495 522 1556 in
549 1495 724 1574 primordio
752 1495 802 1574 (a)
830 1497 1086 1575 quadragesime,
1111 1496 1148 1557 ut
1175 1512 1196 1556 a
1222 1510 1302 1556 non-

239 1598 336 1660 nullis
351 1599 516 1662 seniorum
529 1597 533 1679 Ι
547 1601 635 1671 auxi,
647 1601 909 1663 conventualiter
922 1601 1090 1664 annuatim
1105 1599 1300 1671 statuebant,

239 1703 275 1765 ut
301 1704 407 1782 prima
437 1704 489 1767 die
511 1703 515 1785 Ι
538 1705 641 1783 prime
671 1692 961 1784 quadragesimalis
991 1706 1164 1769 ebdomade
1194 1705 1302 1767 omnia

239 1808 472 1872 clauderentur
490 1811 573 1872 ostia
589 1809 594 1890 Ι
609 1826 722 1889 penus,
742 1812 789 1873 ita
803 1814 840 1874 ut
853 1812 1056 1874 aclamarent
1076 1812 1225 1890 exemplo
1245 1825 1301 1870 an·

238 1913 403 1993 tiquorum
424 1916 564 1994 patrum,
581 1916 585 1997 Ι
602 1918 715 1980 vinum
737 1935 870 1998 prorsus
887 1936 952 1981 non
967 1935 1038 1983 esse
1056 1918 1301 1982 monachorum.

240 2023 386 2084 Secunda
400 2039 539 2102 namque
553 2024 614 2096 die,
628 2024 700 2086 clau
714 2023 719 2105 Ι
732 2025 851 2088 debant
864 2026 974 2102 portas
985 2026 1132 2105 coquina,
1143 2024 1180 2086 ut
1193 2024 1302 2086 nullus

239 2127 393 2206 nequiret
412 2127 489 2206 quid
509 2129 636 2192 coctum
656 2145 733 2190 man
749 2127 753 2210 Ι
769 2130 908 2202 ducere;
929 2131 963 2192 et
983 2129 1030 2191 sic
1050 2129 1151 2192 alacri
1172 2128 1303 2192 devota-

240 2246 302 2309 que
329 2231 439 2294 menta
465 2232 612 2295 sanctum
639 2231 796 2311 pasc[h]a
815 2236 919 2297 'erant
945 2250 989 2296 ex
1004 2232 1008 2315 Ι
1023 2234 1199 2312 pectantes.
1225 2233 1303 2296 Vin·

239 2337 342 2398 demie
355 2338 511 2416 tempore,
525 2337 726 2414 proiciebant
745 2337 878 2416 vegetes
898 2355 957 2416 per
969 2339 1099 2417 dirupta
1115 2337 1119 2419 Ι
1136 2338 1303 2411 montium,

238 2442 321 2506 nihil
343 2443 383 2506 de
403 2443 473 2506 istis
494 2443 624 2506 caducis
645 2443 803 2522 vanisque
823 2445 922 2506 rebus
943 2445 1117 2518 curantes;
1138 2445 1188 2506 set
1203 2441 1208 2524 Ι
1224 2443 1303 2505 illud

240 2547 399 2625 prophete
419 2548 530 2611 sedulo
543 2549 577 2609 in
593 2548 723 2626 pectore
742 2549 975 2612 revolvebant:
996 2549 1071 2628 quid
1093 2549 1179 2612 enim
1200 2545 1301 2626 mihil

241 2653 290 2714 est
310 2653 345 2712 in
366 2651 435 2714 celo
455 2653 489 2714 et
509 2668 529 2714 a
552 2653 586 2713 te
606 2652 682 2730 quid
702 2653 792 2714 volui
816 2669 916 2732 super
938 2655 1087 2718 terraml
1102 2652 1160 2732 (1).
1181 2651 1305 2714 Defecit

241 2774 317 2822 caro
334 2757 338 2840 Ι
355 2774 427 2821 mea
453 2760 486 2821 et
512 2774 715 2822 cormeum:
737 2760 815 2822 deus
842 2761 947 2822 cordis
975 2760 1038 2822 mei
1062 2759 1096 2821 et
1122 2775 1197 2838 pars
1224 2775 1305 2831 mea,

242 2865 326 2926 Deus
339 2861 344 2944 Ι
357 2863 393 2924 in
405 2863 556 2925 eternum
563 2861 621 2941 (2).
635 2862 685 2935 Et,
700 2863 781 2924 mihi
794 2863 956 2926 adherere
969 2865 1028 2926 deo
1042 2865 1161 2925 bonum
1172 2865 1238 2926 est:
1252 2879 1307 2941 po·
1332 2880 1492 2924 ramanus-

243 2983 322 3032 nere
334 2967 339 3050 Ι
354 2970 386 3030 in
401 2969 530 3032 domino
543 2970 601 3032 deo
615 2985 705 3048 spem
720 2986 822 3032 meam
835 2971 893 3051 (3).
903 2971 1009 3050 Igitur
1022 2971 1109 3032 lama
1121 2971 1306 3032 crescentes
1332 2949 1475 3075 fflfffl

243 3075 276 3136 et
295 3089 395 3138 nume
410 3072 415 3155 Ι
431 3090 479 3148 ro,
500 3090 613 3136 eorum
634 3091 784 3138 murmur
804 3075 839 3136 in
853 3077 945 3139 brevi
966 3077 1084 3156 ubique
1104 3075 1304 3154 divulgatum

244 3179 302 3242 est.
323 3179 417 3242 (lives
432 3176 437 3259 Ι
453 3193 533 3242 vero
559 3177 646 3240 hanc
674 3177 790 3240 bonam
816 3179 935 3242 lamam
962 3181 1139 3254 aurientes,
1167 3180 1307 3243 libenter
1373 3178 1456 3227 bll-

244 3286 291 3346 eis
316 3284 514 3347 archisteria
537 3285 755 3358 contulebant
772 3283 776 3366 Ι
792 3286 946 3350 ducentes
967 3304 1026 3366 pro
1052 3288 1203 3361 maximo,
1224 3288 1307 3349 siin
1335 3299 1337 3302 ·

156 3397 160 3406 “
244 3408 302 3454 sua
322 3391 456 3456 civitate
476 3391 698 3470 unusquisque
718 3392 834 3454 talium
854 3410 906 3456 me
920 3394 926 3474 Ι
942 3395 1075 3457 reretur
1094 3393 1217 3456 habere
1233 3408 1308 3456 con·

244 3498 478 3577 gregationem.
499 3497 689 3576 etquidem
715 3498 810 3559 multi
836 3499 967 3578 nobiles,
988 3499 1028 3562 de
1043 3497 1048 3579 Ι
1064 3514 1186 3578 genere
1210 3498 1308 3576 etque

246 3603 423 3666 mediocres
442 3602 481 3665 de
501 3601 609 3680 Egipti
635 3603 770 3681 regione
796 3619 875 3682 egre
895 3601 900 3684 Ι
920 3603 1101 3676 diebantun
1132 3604 1166 3666 et
1192 3602 1232 3664 ad
1259 3616 1309 3663 so·

246 3708 414 3772 litudinem
441 3707 609 3788 religionis
629 3707 820 3780 veniebant;
848 3706 1014 3785 cupientes
1030 3705 1035 3789 Ι
1051 3707 1151 3770 maris
1177 3707 1309 3769 neutra-

246 3813 334 3892 gium
354 3813 504 3876 evadere.
525 3811 566 3874 Et
587 3811 643 3884 sic,
658 3810 693 3874 in
714 3811 805 3874 brevi
828 3809 1031 3890 multiplicati
1052 3810 1137 3883 suut,
1157 3811 1195 3873 ut
1214 3809 1306 3892 plus}

282 4067 322 4138 (o)
340 4065 430 4122 Text.
451 4065 494 4122 B:
515 4065 657 4120 Prondr'o.

282 4205 321 4280 (1)
339 4205 470 4277 Panum,
489 4205 618 4272 LXXII,
638 4203 681 4261 24.

282 4292 322 4366 (t)
341 4293 471 4365 esim„
492 4291 623 4364 LXXII,
642 4292 687 4347 25.

282 4379 321 4452 (Β)
341 4379 472 4452 rasus..
490 4379 620 4450 LXXII,
640 4377 683 4432 27.
