3642 5510
532 569 573 638 ia'
592 580 809 654 spiritaiem
829 579 1097 642 Mantalioetease
1287 596 1349 642 xnr

265 777 313 837 et
338 771 536 860 simpliciter
557 771 801 857 victitaverint,
825 773 913 840 nihil
934 773 1035 858 aliud,
1060 797 1162 862 quam
1185 775 1226 841 de
1247 797 1284 841 re
1303 776 1350 841 di·
1446 829 1448 839 .

267 887 366 954 vina
397 888 598 954 laborantes.
630 889 699 956 Neo
733 889 813 976 quia
847 911 975 956 annum
1005 890 1074 956 iam
1104 891 1349 978 sexagesimum

270 1003 445 1091 asperitas
466 1003 536 1087 illa,
560 1004 680 1070 studiis
702 985 894 1071 litterarum
916 1004 1074 1098 inductis,
1097 1006 1272 1072 tantillum
1297 1006 1350 1072 de

271 1119 392 1203 linita,
415 1119 502 1184 nihil
525 1125 640 1186 tamen
666 1120 803 1207 optimis
824 1119 891 1186 illis
913 1120 1068 1208 patribus
1090 1121 1176 1188 vitio
1206 1127 1347 1206 vertam,

277 1235 341 1300 sed
364 1235 477 1301 omnia
498 1235 600 1318 laudi,
624 1258 701 1301 oum
716 1235 875 1322 quioquid
898 1236 1069 1320 habemus,
1089 1237 1186 1302 nobis
1209 1237 1364 1324 aequisip

278 1351 397 1417 verint
425 1350 486 1430 ilii,
519 1373 603 1438 quos
636 1352 833 1418 reoentiores
867 1350 1099 1418 honestissime
1125 1353 1348 1436 aemulantur,

282 1488 361 1530 oum
383 1465 505 1532 litteris
528 1473 709 1553 praeterea,
737 1467 792 1533 vel
813 1466 966 1554 publicis,
990 1469 1045 1533 vel
1067 1467 1211 1554 privatis
1241 1469 1350 1555 acqui-

281 1581 349 1646 sita
371 1581 563 1648 custodiant
584 1581 918 1648 honorificentissime
941 1613 955 1640 a
978 1583 1036 1671 (1).
1340 1575 1344 1582 ’

328 1696 427 1763 Nune
449 1703 564 1763 autem
587 1715 672 1784 quae
694 1697 875 1764 honorifice
901 1697 1068 1764 custodita
1099 1697 1201 1782 fuere,
1225 1699 1262 1766 in
1285 1723 1350 1765 me-

283 1812 377 1877 dium
398 1811 598 1898 proferenda
620 1819 710 1878 sunt.

328 1928 446 1994 Patres
469 1928 561 1993 enim
583 1927 699 2012 nostri,
723 1929 811 1994 bono
839 1927 1118 2013 Congregationis
1146 1927 1256 1994 ordini
1277 1951 1351 2016 pro-

283 2042 470 2130 spioientes,
493 2044 602 2110 multa
624 2049 780 2128 statuere,
802 2065 888 2130 quae
910 2043 1033 2109 nostris
1056 2043 1147 2108 hisee
1161 2043 1285 2132 ,diebus
1308 2045 1350 2110 ad

285 2158 460 2224 historiam
483 2158 548 2224 rite
563 2159 783 2243 conflandam,
800 2181 961 2246 magnam
976 2159 1138 2246 praebent
1153 2158 1347 2225 utilitatem.

291 2303 305 2332 ι
321 2273 543 2340 Familiarum
559 2305 574 2332 ³>
610 2297 731 2364 nempe
762 2275 974 2357 «tabulas»,
994 2273 1065 2360 jam
1095 2274 1224 2340 saeculo
1250 2274 1348 2358 XIV,
1376 2323 1379 2328 -
1463 2265 1467 2272 ¹

284 2389 537 2455 conscribendas
570 2389 678 2456 edicto
711 2390 918 2457 mandarunt
933 2389 1006 2473 (2);-
1032 2417 1047 2446 α
1069 2389 1306 2482 Neorologium
1329 2419 1343 2448 »

287 2543 499 2552 --——-—-—

320 2629 358 2699 (l)
376 2629 612 2698 Lanonnnorm,
633 2629 745 2684 Hister.
770 2629 881 2699 Olivet,
901 2627 934 2684 in
953 2627 1081 2700 praefat.

320 2719 357 2788 (2)
376 2719 414 2772 In
433 2715 663 2773 «Familiarum
682 2717 839 2773 Tabulis>
859 2715 1024 2790 quotannis
1043 2717 1272 2772 adnotabantur
1288 2735 1350 2773 mo-

283 2807 454 2862 nachorum
466 2805 591 2862 nomina
602 2805 788 2862 monasticas
800 2794 934 2862 fa‘milias
946 2805 1205 2877 componentium.
1218 2804 1351 2862 Michael

285 2895 424 2966 Angelus
448 2893 676 2950 Boubavertius
699 2895 734 2949 de
759 2894 818 2950 isto
844 2899 1026 2965 argumento
1044 2894 1120 2948 haee
1138 2893 1247 2949 habet:
1275 2915 1290 2948 ‹
1313 2895 1351 2968 [ΙΙ

284 2983 319 3037 Β.
340 2982 495 3038 Bernardo
515 2981 662 3056 uolomei]
683 2982 788 3038 l’anno
808 2981 1000 3038 tredioesimo
1019 2981 1144 3036 doleno
1168 2981 1350 3038 Generalato

288 3071 389 3146 [1835],
410 3070 476 3127 fere
495 3088 558 3126 una
575 3069 658 3126 bella
676 3071 881 3141 ordinatione,
901 3069 957 3125 ohe
976 3069 1015 3125 da
1033 3069 1138 3124 l’hora
1156 3070 1189 3124 in
1208 3071 1269 3142 qna
1288 3071 1350 3126 sie

285 3177 402 3230 sempre
422 3165 587 3228 osservata,
609 3177 625 3214 e
644 3159 671 3214 si
691 3160 848 3216 osservorb
867 3176 905 3214 ne
924 3157 1108 3214 l’avvenire:
1130 3158 1275 3214 oomandb
1294 3159 1350 3214 ohe

269 3248 310 3302 ·si
331 3255 449 3303 tenesse
469 3252 559 3302 oonto
579 3247 611 3302 di
629 3251 714 3302 tutte
732 3248 762 3302 le
781 3247 928 3319 famiglie,
950 3247 1011 3318 qni.
1029 3247 1062 3303 in
1082 3247 1297 3316 Montolivato,
1316 3247 1350 3302 in

286 3353 329 3390 un
348 3335 427 3390 libro
446 3335 593 3407 deputato
613 3353 631 3388 a
650 3341 769 3407 queste,
782 3335 834 3391 nel
853 3335 944 3407 quale
963 3336 1122 3406 ogn'anno
1141 3335 1167 3391 si
1186 3335 1352 3391 sorivonoi

285 3423 370 3478 nomi
388 3423 419 3478 (li
438 3422 515 3478 tutti
527 3423 573 3494 gli
585 3424 704 3479 monaci
717 3424 848 3480 seoondo
863 3423 918 3479 ohe
931 3440 1006 3480 sono
1025 3423 1180 3496 assegnati
1192 3423 1225 3478 in
1238 3422 1352 3480 diversi

286 3511 463 3568 Monasteri.
485 3513 751 3584 »(B0uunvnar1,
773 3531 817 3583 op.
838 3514 898 3583 cit,
919 3531 948 3584 p.
969 3513 1024 3583 43).

321 3600 378 3656 Sed
396 3601 527 3656 fortasse
545 3601 640 3656 huius
660 3601 760 3672 operis
778 3601 912 3673 primum
930 3602 1077 3658 volumen
1096 3600 1283 3674 depertitum
1302 3602 1352 3658 de·

286 3688 405 3746 flemus.
432 3690 579 3746 Attamen
597 3689 630 3745 in
655 3689 891 3746 ‹Familiarum
920 3689 1039 3746 Tabula
1057 3690 1094 3746 ab
1119 3708 1198 3746 anno
1225 3691 1295 3746 1379
1314 3691 1352 3746 ad

286 3778 385 3833 1458»
403 3775 479 3834 haee
498 3777 697 3850 praefentur:
719 3779 795 3834 «Ad
814 3778 937 3834 laudem
950 3779 1049 3835 totius
1063 3779 1234 3850 Trinitatis,
1250 3779 1351 3834 Patris

287 3871 318 3920 et
336 3865 410 3922 Filii
428 3871 460 3920 et
479 3865 611 3938 Spiritus
630 3867 744 3940 Sancti,
765 3873 796 3924 et
814 3866 1052 3938 gloriosissimae
1077 3867 1215 3939 Virginis
1236 3867 1351 3944 Mariae

287 3953 482 4010 duleissimae
500 3953 609 4010 Matris
629 3953 754 4028 Christi,
776 3961 808 4011 et
825 3955 1016 4012 Sanctissimi
1032 3955 1133 4013 Patris
1147 3957 1245 4012 nostri
1258 3956 1352 4012 Bone·

288 4041 370 4108 dioti,
391 4041 590 4114 omniumque
609 4043 790 4100 Sanctorum
811 4049 842 4100 et
860 4043 1041 4100 Sanctarum
1060 4045 1126 4101 Dei.

322 4130 389 4186 «In
406 4131 467 4186 isto
486 4131 565 4187 libro
584 4131 760 4188 seribentur
778 4133 895 4205 priores
915 4134 1052 4190 omnium
1070 4134 1209 4190 locorum
1228 4139 1351 4192 nostrae

287 4217 539 4290 congregationis
558 4237 629 4276 oum
649 4221 827 4277 offitialibus
847 4227 878 4277 et
896 4221 1023 4278 familiis
1042 4223 1206 4294 assignatis
1226 4223 1349 4293 eisdem,

287 4307 320 4362 in
338 4307 525 4364 Monosterio
544 4308 673 4366 Sanctae
691 4309 806 4366 Mariae
819 4310 854 4366 de
869 4311 974 4366 Monte
993 4309 1116 4381 Oliveti,
1130 4311 1162 4367 in
1174 4310 1289 4367 nostris
1300 4328 1352 4382 ge-

288 4395 444 4452 neralibus
463 4396 608 4468 capitulis
627 4399 798 4471 annuatim,
818 4405 921 4471 prout,
940 4399 1064 4455 favente
1083 4400 1157 4470 Deo,
1185 4399 1352 4471 eontigerit

286 4482 453 4556 oelebrari:
474 4485 611 4558 ponendo
631 4487 800 4560 quemlibet
818 4488 950 4580 priorem
969 4504 1040 4568 oum
1059 4486 1237 4544 offitialibus
1256 4493 1288 4544 et
1307 4487 1352 4550 fa-
