<?xml version="1.0" encoding="UTF-8"?>
<!DOCTYPE html PUBLIC "-//W3C//DTD XHTML 1.0 Transitional//EN"
    "http://www.w3.org/TR/xhtml1/DTD/xhtml1-transitional.dtd">
<html xmlns="http://www.w3.org/1999/xhtml" xml:lang="en" lang="en">
 <head>
  <title>
</title>
<meta http-equiv="Content-Type" content="text/html;charset=utf-8" />
  <meta name='ocr-system' content='tesseract 3.04.00' />
  <meta name='ocr-capabilities' content='ocr_page ocr_carea ocr_par ocr_line ocrx_word'/>
</head>
<body>
  <div class='ocr_page' id='page_1' title='image "./chroniconmontis00lugagoog_0118.png"; bbox 0 0 3646 5520; ppageno 0'>
   <div class='ocr_carea' id='block_1_1' title="bbox 561 573 1330 670">
    <p class='ocr_par' dir='ltr' id='par_1_1' title="bbox 561 573 1330 670">
     <span class='ocr_line' id='line_1_1' title="bbox 561 573 1330 670; baseline -0.008 -30"><span class='ocrx_word' id='word_1_1' title='bbox 561 579 752 640; x_wconf 68' lang='lat' dir='ltr'>camma</span> <span class='ocrx_word' id='word_1_2' title='bbox 770 577 898 638; x_wconf 76' lang='lat' dir='ltr'>nonae</span> <span class='ocrx_word' id='word_1_3' title='bbox 921 575 1039 637; x_wconf 80' lang='lat' dir='ltr'>cavea</span> <span class='ocrx_word' id='word_1_4' title='bbox 1131 667 1132 670; x_wconf 4' lang='grc' dir='ltr'><strong><em>Ν</em></strong></span> <span class='ocrx_word' id='word_1_5' title='bbox 1291 573 1330 634; x_wconf 78' lang='lat' dir='ltr'>nu</span> 
     </span>
    </p>
   </div>
   <div class='ocr_carea' id='block_1_2' title="bbox 178 767 1570 3286">
    <p class='ocr_par' dir='ltr' id='par_1_2' title="bbox 254 767 1570 1814">
     <span class='ocr_line' id='line_1_2' title="bbox 254 767 1570 856; baseline -0.008 -17"><span class='ocrx_word' id='word_1_6' title='bbox 254 791 322 856; x_wconf 82' lang='lat' dir='ltr'>pra</span> <span class='ocrx_word' id='word_1_7' title='bbox 348 774 488 838; x_wconf 83' lang='lat' dir='ltr'><strong>diximus</strong></span> <span class='ocrx_word' id='word_1_8' title='bbox 503 771 562 855; x_wconf 90' lang='lat'>(1).</span> <span class='ocrx_word' id='word_1_9' title='bbox 588 773 629 835; x_wconf 82' lang='lat' dir='ltr'>Et</span> <span class='ocrx_word' id='word_1_10' title='bbox 653 772 687 834; x_wconf 92' lang='lat' dir='ltr'>in</span> <span class='ocrx_word' id='word_1_11' title='bbox 713 771 782 851; x_wconf 90' lang='lat' dir='ltr'>ipso</span> <span class='ocrx_word' id='word_1_12' title='bbox 798 769 803 852; x_wconf 78' lang='grc'>1</span> <span class='ocrx_word' id='word_1_13' title='bbox 819 769 959 849; x_wconf 89' lang='lat' dir='ltr'>capitulo</span> <span class='ocrx_word' id='word_1_14' title='bbox 983 768 1131 848; x_wconf 80' lang='lat' dir='ltr'>generali</span> <span class='ocrx_word' id='word_1_15' title='bbox 1158 767 1331 830; x_wconf 83' lang='lat' dir='ltr'>diffinitum</span> <span class='ocrx_word' id='word_1_16' title='bbox 1383 785 1432 830; x_wconf 77' lang='lat' dir='ltr'>nor.</span> <span class='ocrx_word' id='word_1_17' title='bbox 1451 785 1488 830; x_wconf 65' lang='grc' dir='ltr'>η’.</span> <span class='ocrx_word' id='word_1_18' title='bbox 1568 837 1570 844; x_wconf 55' lang='grc'>,</span> 
     </span>
     <span class='ocr_line' id='line_1_3' title="bbox 255 875 1331 968; baseline -0.005 -24"><span class='ocrx_word' id='word_1_19' title='bbox 255 883 313 945; x_wconf 87' lang='lat' dir='ltr'>est</span> <span class='ocrx_word' id='word_1_20' title='bbox 333 883 450 944; x_wconf 86' lang='lat' dir='ltr'>uttam</span> <span class='ocrx_word' id='word_1_21' title='bbox 464 897 523 960; x_wconf 90' lang='lat' dir='ltr'>pro</span> <span class='ocrx_word' id='word_1_22' title='bbox 536 879 742 968; x_wconf 75' lang='lat' dir='ltr'>disponendis</span> <span class='ocrx_word' id='word_1_23' title='bbox 763 877 897 957; x_wconf 78' lang='lat' dir='ltr'>agendis</span> <span class='ocrx_word' id='word_1_24' title='bbox 913 875 918 958; x_wconf 85' lang='grc' dir='ltr'>Ι</span> <span class='ocrx_word' id='word_1_25' title='bbox 934 877 1067 950; x_wconf 85' lang='lat' dir='ltr'>ordinis,</span> <span class='ocrx_word' id='word_1_26' title='bbox 1082 891 1178 956; x_wconf 89' lang='lat' dir='ltr'>quam</span> <span class='ocrx_word' id='word_1_27' title='bbox 1192 875 1233 938; x_wconf 84' lang='lat' dir='ltr'>ad</span> <span class='ocrx_word' id='word_1_28' title='bbox 1247 877 1331 939; x_wconf 88' lang='lat' dir='ltr'>elec·</span> 
     </span>
     <span class='ocr_line' id='line_1_4' title="bbox 255 981 1453 1066; baseline -0.003 -18"><span class='ocrx_word' id='word_1_29' title='bbox 255 989 383 1051; x_wconf 88' lang='lat' dir='ltr'>tionem</span> <span class='ocrx_word' id='word_1_30' title='bbox 397 987 531 1061; x_wconf 81' lang='lat' dir='ltr'>abbatis,</span> <span class='ocrx_word' id='word_1_31' title='bbox 541 986 765 1066; x_wconf 86' lang='lat' dir='ltr'>unusquisque</span> <span class='ocrx_word' id='word_1_32' title='bbox 778 984 961 1048; x_wconf 89' lang='lat' dir='ltr'>conventus</span> <span class='ocrx_word' id='word_1_33' title='bbox 980 984 1019 1046; x_wconf 89' lang='lat' dir='ltr'>de</span> <span class='ocrx_word' id='word_1_34' title='bbox 1035 981 1040 1064; x_wconf 73' lang='lat' dir='ltr'>i</span> <span class='ocrx_word' id='word_1_35' title='bbox 1056 983 1130 1046; x_wconf 85' lang='lat' dir='ltr'>beat</span> <span class='ocrx_word' id='word_1_36' title='bbox 1144 999 1245 1044; x_wconf 89' lang='lat' dir='ltr'>unum</span> <span class='ocrx_word' id='word_1_37' title='bbox 1259 984 1331 1046; x_wconf 87' lang='lat' dir='ltr'>tan·</span> <span class='ocrx_word' id='word_1_38' title='bbox 1452 989 1453 993; x_wconf 75' lang='grc'>’</span> 
     </span>
     <span class='ocr_line' id='line_1_5' title="bbox 257 1087 1329 1172; baseline -0.007 -16"><span class='ocrx_word' id='word_1_39' title='bbox 257 1095 333 1156; x_wconf 91' lang='lat' dir='ltr'>tum</span> <span class='ocrx_word' id='word_1_40' title='bbox 354 1094 490 1157; x_wconf 82' lang='lat' dir='ltr'>fratrem</span> <span class='ocrx_word' id='word_1_41' title='bbox 512 1093 643 1156; x_wconf 87' lang='lat' dir='ltr'>mittere</span> <span class='ocrx_word' id='word_1_42' title='bbox 662 1093 703 1154; x_wconf 86' lang='lat' dir='ltr'>ad</span> <span class='ocrx_word' id='word_1_43' title='bbox 724 1091 912 1170; x_wconf 87' lang='lat' dir='ltr'>capitulum,</span> <span class='ocrx_word' id='word_1_44' title='bbox 926 1090 960 1152; x_wconf 89' lang='lat' dir='ltr'>in</span> <span class='ocrx_word' id='word_1_45' title='bbox 980 1089 1167 1153; x_wconf 88' lang='lat' dir='ltr'>societatem</span> <span class='ocrx_word' id='word_1_46' title='bbox 1187 1089 1306 1167; x_wconf 88' lang='lat' dir='ltr'>prioris</span> <span class='ocrx_word' id='word_1_47' title='bbox 1323 1087 1329 1172; x_wconf 87' lang='grc' dir='ltr'>Ι</span> 
     </span>
     <span class='ocr_line' id='line_1_6' title="bbox 257 1196 1330 1278; baseline -0.002 -16"><span class='ocrx_word' id='word_1_48' title='bbox 257 1201 323 1264; x_wconf 89' lang='lat' dir='ltr'>sui.</span> <span class='ocrx_word' id='word_1_49' title='bbox 343 1203 427 1264; x_wconf 87' lang='lat' dir='ltr'>Nam</span> <span class='ocrx_word' id='word_1_50' title='bbox 448 1201 488 1263; x_wconf 83' lang='lat' dir='ltr'>ab</span> <span class='ocrx_word' id='word_1_51' title='bbox 508 1200 572 1263; x_wconf 87' lang='lat' dir='ltr'>alio</span> <span class='ocrx_word' id='word_1_52' title='bbox 593 1199 736 1278; x_wconf 81' lang='lat' dir='ltr'>capitulo</span> <span class='ocrx_word' id='word_1_53' title='bbox 755 1197 942 1276; x_wconf 80' lang='lat' dir='ltr'>precedenti</span> <span class='ocrx_word' id='word_1_54' title='bbox 962 1197 994 1258; x_wconf 90' lang='lat' dir='ltr'>iu</span> <span class='ocrx_word' id='word_1_55' title='bbox 1010 1197 1117 1270; x_wconf 84' lang='lat' dir='ltr'>antea,</span> <span class='ocrx_word' id='word_1_56' title='bbox 1130 1196 1195 1260; x_wconf 89' lang='lat' dir='ltr'>duc</span> <span class='ocrx_word' id='word_1_57' title='bbox 1208 1196 1330 1260; x_wconf 84' lang='lat' dir='ltr'>fratres</span> 
     </span>
     <span class='ocr_line' id='line_1_7' title="bbox 258 1301 1331 1388; baseline -0.007 -17"><span class='ocrx_word' id='word_1_58' title='bbox 258 1308 414 1386; x_wconf 79' lang='lat' dir='ltr'>poterant</span> <span class='ocrx_word' id='word_1_59' title='bbox 433 1323 476 1370; x_wconf 80' lang='lat' dir='ltr'>vc</span> <span class='ocrx_word' id='word_1_60' title='bbox 491 1305 497 1388; x_wconf 88' lang='grc' dir='ltr'>Ι</span> <span class='ocrx_word' id='word_1_61' title='bbox 512 1307 586 1369; x_wconf 90' lang='lat' dir='ltr'>nire</span> <span class='ocrx_word' id='word_1_62' title='bbox 605 1306 646 1368; x_wconf 86' lang='lat' dir='ltr'>ad</span> <span class='ocrx_word' id='word_1_63' title='bbox 667 1304 855 1384; x_wconf 89' lang='lat' dir='ltr'>capitulum,</span> <span class='ocrx_word' id='word_1_64' title='bbox 878 1319 952 1367; x_wconf 91' lang='lat' dir='ltr'>cum</span> <span class='ocrx_word' id='word_1_65' title='bbox 980 1303 1090 1382; x_wconf 89' lang='lat' dir='ltr'>priore</span> <span class='ocrx_word' id='word_1_66' title='bbox 1116 1319 1185 1365; x_wconf 90' lang='lat' dir='ltr'>suo.</span> <span class='ocrx_word' id='word_1_67' title='bbox 1205 1305 1247 1364; x_wconf 87' lang='lat' dir='ltr'>Et</span> <span class='ocrx_word' id='word_1_68' title='bbox 1267 1301 1331 1365; x_wconf 90' lang='lat' dir='ltr'>hcc</span> 
     </span>
     <span class='ocr_line' id='line_1_8' title="bbox 258 1408 1330 1493; baseline -0.005 -17"><span class='ocrx_word' id='word_1_69' title='bbox 258 1415 420 1478; x_wconf 86' lang='lat' dir='ltr'>statutum</span> <span class='ocrx_word' id='word_1_70' title='bbox 440 1414 500 1487; x_wconf 85' lang='lat' dir='ltr'>est,</span> <span class='ocrx_word' id='word_1_71' title='bbox 521 1429 581 1492; x_wconf 90' lang='lat' dir='ltr'>per</span> <span class='ocrx_word' id='word_1_72' title='bbox 600 1411 709 1476; x_wconf 85' lang='lat' dir='ltr'>sedem</span> <span class='ocrx_word' id='word_1_73' title='bbox 724 1409 729 1493; x_wconf 94' lang='grc' dir='ltr'>Ι</span> <span class='ocrx_word' id='word_1_74' title='bbox 745 1411 951 1490; x_wconf 88' lang='lat' dir='ltr'>apostolicam</span> <span class='ocrx_word' id='word_1_75' title='bbox 966 1408 1033 1490; x_wconf 86' lang='lat'>(2):</span> <span class='ocrx_word' id='word_1_76' title='bbox 1055 1410 1089 1472; x_wconf 91' lang='lat' dir='ltr'>et</span> <span class='ocrx_word' id='word_1_77' title='bbox 1107 1410 1155 1472; x_wconf 93' lang='lat' dir='ltr'>sic</span> <span class='ocrx_word' id='word_1_78' title='bbox 1174 1409 1330 1488; x_wconf 86' lang='lat' dir='ltr'>paulatim</span> 
     </span>
     <span class='ocr_line' id='line_1_9' title="bbox 260 1515 1331 1598; baseline -0.006 -14"><span class='ocrx_word' id='word_1_79' title='bbox 260 1521 370 1584; x_wconf 88' lang='lat' dir='ltr'>omnia</span> <span class='ocrx_word' id='word_1_80' title='bbox 390 1517 502 1591; x_wconf 86' lang='lat' dir='ltr'>sedata</span> <span class='ocrx_word' id='word_1_81' title='bbox 515 1520 601 1583; x_wconf 85' lang='lat' dir='ltr'>sunt.</span> <span class='ocrx_word' id='word_1_82' title='bbox 616 1519 720 1582; x_wconf 86' lang='lat' dir='ltr'>Huius</span> <span class='ocrx_word' id='word_1_83' title='bbox 740 1519 888 1598; x_wconf 87' lang='lat' dir='ltr'>tempore</span> <span class='ocrx_word' id='word_1_84' title='bbox 906 1517 999 1591; x_wconf 89' lang='lat' dir='ltr'>idest,</span> <span class='ocrx_word' id='word_1_85' title='bbox 1020 1517 1124 1596; x_wconf 89' lang='lat' dir='ltr'>primo</span> <span class='ocrx_word' id='word_1_86' title='bbox 1140 1515 1144 1597; x_wconf 71' lang='lat' dir='ltr'>i</span> <span class='ocrx_word' id='word_1_87' title='bbox 1160 1532 1257 1589; x_wconf 89' lang='lat' dir='ltr'>anno,</span> <span class='ocrx_word' id='word_1_88' title='bbox 1278 1531 1331 1578; x_wconf 93' lang='lat' dir='ltr'>ac·</span> 
     </span>
     <span class='ocr_line' id='line_1_10' title="bbox 264 1620 1331 1708; baseline -0.007 -16"><span class='ocrx_word' id='word_1_89' title='bbox 264 1629 428 1708; x_wconf 85' lang='lat' dir='ltr'>ceptatum</span> <span class='ocrx_word' id='word_1_90' title='bbox 442 1627 494 1693; x_wconf 85' lang='lat' dir='ltr'>cst</span> <span class='ocrx_word' id='word_1_91' title='bbox 506 1626 743 1689; x_wconf 88' lang='lat' dir='ltr'>monasterium</span> <span class='ocrx_word' id='word_1_92' title='bbox 762 1625 882 1688; x_wconf 85' lang='lat' dir='ltr'>Sancte</span> <span class='ocrx_word' id='word_1_93' title='bbox 897 1623 1082 1702; x_wconf 83' lang='lat' dir='ltr'>Margarite</span> <span class='ocrx_word' id='word_1_94' title='bbox 1095 1623 1142 1686; x_wconf 50' lang='lat' dir='ltr'>¹de</span> <span class='ocrx_word' id='word_1_95' title='bbox 1156 1623 1246 1686; x_wconf 89' lang='lat' dir='ltr'>Demi</span> <span class='ocrx_word' id='word_1_96' title='bbox 1260 1620 1267 1702; x_wconf 73' lang='lat' dir='ltr'>i</span> <span class='ocrx_word' id='word_1_97' title='bbox 1283 1621 1331 1684; x_wconf 87' lang='lat' dir='ltr'>sio</span> 
     </span>
     <span class='ocr_line' id='line_1_11' title="bbox 263 1728 1332 1814; baseline -0.006 -19"><span class='ocrx_word' id='word_1_98' title='bbox 263 1735 298 1796; x_wconf 92' lang='lat' dir='ltr'>in</span> <span class='ocrx_word' id='word_1_99' title='bbox 316 1733 465 1814; x_wconf 85' lang='lat' dir='ltr'>partibus</span> <span class='ocrx_word' id='word_1_100' title='bbox 485 1733 630 1813; x_wconf 80' lang='lat' dir='ltr'>Ungarie</span> <span class='ocrx_word' id='word_1_101' title='bbox 645 1732 703 1813; x_wconf 90' lang='lat'>(3).</span> <span class='ocrx_word' id='word_1_102' title='bbox 724 1733 814 1800; x_wconf 90' lang='lat' dir='ltr'>Quod</span> <span class='ocrx_word' id='word_1_103' title='bbox 834 1731 940 1794; x_wconf 87' lang='lat' dir='ltr'>ordini</span> <span class='ocrx_word' id='word_1_104' title='bbox 959 1730 1073 1792; x_wconf 87' lang='lat' dir='ltr'>nostro</span> <span class='ocrx_word' id='word_1_105' title='bbox 1100 1728 1238 1792; x_wconf 85' lang='lat' dir='ltr'>contulit</span> <span class='ocrx_word' id='word_1_106' title='bbox 1258 1729 1332 1790; x_wconf 92' lang='lat' dir='ltr'>illu·</span> 
     </span>
    </p>

    <p class='ocr_par' dir='ltr' id='par_1_3' title="bbox 178 1836 1335 3286">
     <span class='ocr_line' id='line_1_12' title="bbox 178 1836 1331 1924; baseline -0.005 -21"><span class='ocrx_word' id='word_1_107' title='bbox 178 1865 182 1872; x_wconf 93' lang='lat'>·</span> <span class='ocrx_word' id='word_1_108' title='bbox 262 1841 442 1903; x_wconf 86' lang='lat' dir='ltr'>strissimus</span> <span class='ocrx_word' id='word_1_109' title='bbox 458 1839 462 1922; x_wconf 91' lang='grc' dir='ltr'>Ι</span> <span class='ocrx_word' id='word_1_110' title='bbox 478 1840 657 1919; x_wconf 86' lang='lat' dir='ltr'>imperator</span> <span class='ocrx_word' id='word_1_111' title='bbox 684 1839 928 1924; x_wconf 86' lang='lat' dir='ltr'>sygismundus.</span> <span class='ocrx_word' id='word_1_112' title='bbox 955 1839 1012 1900; x_wconf 87' lang='lat' dir='ltr'>Set</span> <span class='ocrx_word' id='word_1_113' title='bbox 1039 1838 1077 1900; x_wconf 89' lang='lat' dir='ltr'>de</span> <span class='ocrx_word' id='word_1_114' title='bbox 1098 1836 1161 1900; x_wconf 88' lang='lat' dir='ltr'>hac</span> <span class='ocrx_word' id='word_1_115' title='bbox 1185 1836 1331 1914; x_wconf 86' lang='lat' dir='ltr'>accepta·</span> 
     </span>
     <span class='ocr_line' id='line_1_13' title="bbox 263 1943 1335 2026; baseline -0.004 -18"><span class='ocrx_word' id='word_1_116' title='bbox 263 1947 350 2010; x_wconf 89' lang='lat' dir='ltr'>tione</span> <span class='ocrx_word' id='word_1_117' title='bbox 371 1963 437 2010; x_wconf 86' lang='lat' dir='ltr'>non</span> <span class='ocrx_word' id='word_1_118' title='bbox 458 1947 541 2009; x_wconf 89' lang='lat' dir='ltr'>bene</span> <span class='ocrx_word' id='word_1_119' title='bbox 561 1963 619 2008; x_wconf 88' lang='lat' dir='ltr'>suc</span> <span class='ocrx_word' id='word_1_120' title='bbox 635 1944 639 2026; x_wconf 87' lang='grc' dir='ltr'>Ι</span> <span class='ocrx_word' id='word_1_121' title='bbox 656 1946 756 2008; x_wconf 81' lang='lat' dir='ltr'>cessit</span> <span class='ocrx_word' id='word_1_122' title='bbox 775 1945 890 2018; x_wconf 86' lang='lat' dir='ltr'>ordini,</span> <span class='ocrx_word' id='word_1_123' title='bbox 911 1944 988 2024; x_wconf 89' lang='lat' dir='ltr'>quia</span> <span class='ocrx_word' id='word_1_124' title='bbox 1004 1943 1099 2006; x_wconf 87' lang='lat' dir='ltr'>valde</span> <span class='ocrx_word' id='word_1_125' title='bbox 1119 1944 1335 2020; x_wconf 87' lang='lat' dir='ltr'>dampnosum</span> 
     </span>
     <span class='ocr_line' id='line_1_14' title="bbox 263 2049 1328 2131; baseline -0.004 -17"><span class='ocrx_word' id='word_1_126' title='bbox 263 2051 324 2115; x_wconf 84' lang='lat' dir='ltr'>init</span> <span class='ocrx_word' id='word_1_127' title='bbox 343 2053 513 2116; x_wconf 81' lang='lat' dir='ltr'>animabus</span> <span class='ocrx_word' id='word_1_128' title='bbox 533 2053 749 2131; x_wconf 89' lang='lat' dir='ltr'>plurimorum</span> <span class='ocrx_word' id='word_1_129' title='bbox 771 2051 931 2114; x_wconf 80' lang='lat' dir='ltr'>fratrum:</span> <span class='ocrx_word' id='word_1_130' title='bbox 953 2051 1029 2130; x_wconf 85' lang='lat' dir='ltr'>quia</span> <span class='ocrx_word' id='word_1_131' title='bbox 1048 2049 1235 2112; x_wconf 79' lang='lat' dir='ltr'>irremotis</span> <span class='ocrx_word' id='word_1_132' title='bbox 1256 2065 1328 2128; x_wconf 84' lang='lat' dir='ltr'>par·</span> 
     </span>
     <span class='ocr_line' id='line_1_15' title="bbox 264 2153 1330 2238; baseline -0.003 -18"><span class='ocrx_word' id='word_1_133' title='bbox 264 2159 347 2222; x_wconf 89' lang='lat' dir='ltr'>tibus</span> <span class='ocrx_word' id='word_1_134' title='bbox 368 2163 434 2221; x_wconf 85' lang='lat' dir='ltr'>non</span> <span class='ocrx_word' id='word_1_135' title='bbox 455 2159 585 2238; x_wconf 87' lang='lat' dir='ltr'>poterat</span> <span class='ocrx_word' id='word_1_136' title='bbox 604 2159 754 2221; x_wconf 85' lang='lat' dir='ltr'>visitari:</span> <span class='ocrx_word' id='word_1_137' title='bbox 774 2158 809 2221; x_wconf 91' lang='lat' dir='ltr'>et</span> <span class='ocrx_word' id='word_1_138' title='bbox 837 2158 884 2220; x_wconf 88' lang='lat' dir='ltr'>sic</span> <span class='ocrx_word' id='word_1_139' title='bbox 911 2157 1007 2236; x_wconf 89' lang='lat' dir='ltr'>plura</span> <span class='ocrx_word' id='word_1_140' title='bbox 1030 2157 1126 2218; x_wconf 87' lang='lat' dir='ltr'>incon</span> <span class='ocrx_word' id='word_1_141' title='bbox 1141 2153 1147 2236; x_wconf 73' lang='lat' dir='ltr'>t</span> <span class='ocrx_word' id='word_1_142' title='bbox 1164 2155 1330 2218; x_wconf 82' lang='lat' dir='ltr'>venientia</span> 
     </span>
     <span class='ocr_line' id='line_1_16' title="bbox 265 2261 1329 2344; baseline -0.004 -18"><span class='ocrx_word' id='word_1_143' title='bbox 265 2267 436 2328; x_wconf 85' lang='lat' dir='ltr'>venerunt.</span> <span class='ocrx_word' id='word_1_144' title='bbox 457 2266 561 2327; x_wconf 86' lang='lat' dir='ltr'>Huius</span> <span class='ocrx_word' id='word_1_145' title='bbox 582 2267 728 2344; x_wconf 87' lang='lat' dir='ltr'>tempore</span> <span class='ocrx_word' id='word_1_146' title='bbox 748 2264 943 2326; x_wconf 81' lang='lat' dir='ltr'>factumest</span> <span class='ocrx_word' id='word_1_147' title='bbox 963 2265 996 2324; x_wconf 88' lang='lat' dir='ltr'>in</span> <span class='ocrx_word' id='word_1_148' title='bbox 1017 2262 1214 2324; x_wconf 88' lang='lat' dir='ltr'>Monasterio</span> <span class='ocrx_word' id='word_1_149' title='bbox 1242 2261 1329 2340; x_wconf 90' lang='lat' dir='ltr'>prin-</span> 
     </span>
     <span class='ocr_line' id='line_1_17' title="bbox 264 2369 1330 2453; baseline -0.004 -19"><span class='ocrx_word' id='word_1_150' title='bbox 264 2371 357 2450; x_wconf 87' lang='lat' dir='ltr'>cipali</span> <span class='ocrx_word' id='word_1_151' title='bbox 374 2369 379 2453; x_wconf 83' lang='grc' dir='ltr'>Ι</span> <span class='ocrx_word' id='word_1_152' title='bbox 395 2371 631 2444; x_wconf 89' lang='lat' dir='ltr'>dormitorium,</span> <span class='ocrx_word' id='word_1_153' title='bbox 652 2371 737 2450; x_wconf 90' lang='lat' dir='ltr'>quod</span> <span class='ocrx_word' id='word_1_154' title='bbox 757 2370 946 2450; x_wconf 82' lang='lat' dir='ltr'>contiguum</span> <span class='ocrx_word' id='word_1_155' title='bbox 961 2370 1012 2432; x_wconf 87' lang='lat' dir='ltr'>est</span> <span class='ocrx_word' id='word_1_156' title='bbox 1025 2369 1170 2440; x_wconf 88' lang='lat' dir='ltr'>ecclesie,</span> <span class='ocrx_word' id='word_1_157' title='bbox 1185 2369 1218 2430; x_wconf 87' lang='lat' dir='ltr'>et</span> <span class='ocrx_word' id='word_1_158' title='bbox 1231 2384 1330 2446; x_wconf 85' lang='lat' dir='ltr'>super</span> 
     </span>
     <span class='ocr_line' id='line_1_18' title="bbox 264 2475 1330 2558; baseline 0 -21"><span class='ocrx_word' id='word_1_159' title='bbox 264 2475 412 2554; x_wconf 87' lang='lat' dir='ltr'>sepulcra</span> <span class='ocrx_word' id='word_1_160' title='bbox 437 2476 578 2538; x_wconf 73' lang='lat' dir='ltr'>fratrum</span> <span class='ocrx_word' id='word_1_161' title='bbox 595 2475 599 2558; x_wconf 91' lang='grc' dir='ltr'>Ι</span> <span class='ocrx_word' id='word_1_162' title='bbox 616 2493 679 2556; x_wconf 90' lang='lat' dir='ltr'>que</span> <span class='ocrx_word' id='word_1_163' title='bbox 704 2493 792 2540; x_wconf 91' lang='lat' dir='ltr'>nunc</span> <span class='ocrx_word' id='word_1_164' title='bbox 817 2477 912 2550; x_wconf 89' lang='lat' dir='ltr'>sunt;</span> <span class='ocrx_word' id='word_1_165' title='bbox 941 2477 975 2539; x_wconf 90' lang='lat' dir='ltr'>et</span> <span class='ocrx_word' id='word_1_166' title='bbox 995 2476 1082 2538; x_wconf 82' lang='lat' dir='ltr'>iacta</span> <span class='ocrx_word' id='word_1_167' title='bbox 1108 2477 1159 2540; x_wconf 89' lang='lat' dir='ltr'>est</span> <span class='ocrx_word' id='word_1_168' title='bbox 1186 2476 1330 2538; x_wconf 87' lang='lat' dir='ltr'>cisterna</span> 
     </span>
     <span class='ocr_line' id='line_1_19' title="bbox 264 2581 1329 2664; baseline 0.001 -22"><span class='ocrx_word' id='word_1_169' title='bbox 264 2597 382 2660; x_wconf 79' lang='lat' dir='ltr'>magna</span> <span class='ocrx_word' id='word_1_170' title='bbox 401 2582 437 2645; x_wconf 91' lang='lat' dir='ltr'>in</span> <span class='ocrx_word' id='word_1_171' title='bbox 457 2584 601 2646; x_wconf 84' lang='lat' dir='ltr'>claustro</span> <span class='ocrx_word' id='word_1_172' title='bbox 621 2599 750 2662; x_wconf 83' lang='lat' dir='ltr'>magno,</span> <span class='ocrx_word' id='word_1_173' title='bbox 765 2581 770 2664; x_wconf 73' lang='lat' dir='ltr'>i</span> <span class='ocrx_word' id='word_1_174' title='bbox 786 2583 820 2646; x_wconf 90' lang='lat' dir='ltr'>et</span> <span class='ocrx_word' id='word_1_175' title='bbox 839 2583 1003 2662; x_wconf 91' lang='lat' dir='ltr'>inceptum</span> <span class='ocrx_word' id='word_1_176' title='bbox 1024 2584 1075 2645; x_wconf 88' lang='lat' dir='ltr'>est</span> <span class='ocrx_word' id='word_1_177' title='bbox 1094 2583 1329 2654; x_wconf 87' lang='lat' dir='ltr'>dormitorium,</span> 
     </span>
     <span class='ocr_line' id='line_1_20' title="bbox 264 2678 1329 2771; baseline 0.001 -21"><span class='ocrx_word' id='word_1_178' title='bbox 264 2690 346 2768; x_wconf 86' lang='lat' dir='ltr'>quod</span> <span class='ocrx_word' id='word_1_179' title='bbox 366 2689 556 2770; x_wconf 79' lang='lat' dir='ltr'>contiguum</span> <span class='ocrx_word' id='word_1_180' title='bbox 571 2691 621 2753; x_wconf 88' lang='lat' dir='ltr'>est</span> <span class='ocrx_word' id='word_1_181' title='bbox 635 2706 729 2752; x_wconf 87' lang='lat' dir='ltr'>mura</span> <span class='ocrx_word' id='word_1_182' title='bbox 746 2690 832 2752; x_wconf 86' lang='lat' dir='ltr'>sacri</span> <span class='ocrx_word' id='word_1_183' title='bbox 847 2678 939 2771; x_wconf 75' lang='lat' dir='ltr'>istie,</span> <span class='ocrx_word' id='word_1_184' title='bbox 961 2690 1014 2752; x_wconf 90' lang='lat' dir='ltr'>ubi</span> <span class='ocrx_word' id='word_1_185' title='bbox 1029 2690 1107 2752; x_wconf 89' lang='lat' dir='ltr'>sunt</span> <span class='ocrx_word' id='word_1_186' title='bbox 1120 2690 1203 2752; x_wconf 91' lang='lat' dir='ltr'>celle</span> <span class='ocrx_word' id='word_1_187' title='bbox 1215 2691 1329 2751; x_wconf 84' lang='lat' dir='ltr'>subtus</span> 
     </span>
     <span class='ocr_line' id='line_1_21' title="bbox 263 2795 1329 2878; baseline 0.002 -22"><span class='ocrx_word' id='word_1_188' title='bbox 263 2795 296 2856; x_wconf 90' lang='lat' dir='ltr'>et</span> <span class='ocrx_word' id='word_1_189' title='bbox 314 2811 425 2874; x_wconf 85' lang='lat' dir='ltr'>supra,</span> <span class='ocrx_word' id='word_1_190' title='bbox 439 2796 664 2874; x_wconf 11' lang='lat' dir='ltr'>etprespiciunt</span> <span class='ocrx_word' id='word_1_191' title='bbox 684 2795 725 2858; x_wconf 84' lang='lat' dir='ltr'>ad</span> <span class='ocrx_word' id='word_1_192' title='bbox 745 2797 906 2860; x_wconf 84' lang='lat' dir='ltr'>orientem</span> <span class='ocrx_word' id='word_1_193' title='bbox 926 2797 960 2860; x_wconf 90' lang='lat' dir='ltr'>et</span> <span class='ocrx_word' id='word_1_194' title='bbox 975 2795 979 2878; x_wconf 91' lang='grc' dir='ltr'>Ι</span> <span class='ocrx_word' id='word_1_195' title='bbox 995 2796 1204 2868; x_wconf 84' lang='lat' dir='ltr'>occidentem,</span> <span class='ocrx_word' id='word_1_196' title='bbox 1218 2797 1252 2858; x_wconf 84' lang='lat' dir='ltr'>ct</span> <span class='ocrx_word' id='word_1_197' title='bbox 1265 2796 1329 2859; x_wconf 84' lang='lat' dir='ltr'>ele·</span> 
     </span>
     <span class='ocr_line' id='line_1_22' title="bbox 263 2900 1328 2984; baseline 0.002 -23"><span class='ocrx_word' id='word_1_198' title='bbox 263 2900 330 2962; x_wconf 74' lang='lat' dir='ltr'>vati</span> <span class='ocrx_word' id='word_1_199' title='bbox 344 2901 423 2964; x_wconf 91' lang='lat' dir='ltr'>sunt</span> <span class='ocrx_word' id='word_1_200' title='bbox 435 2903 522 2964; x_wconf 85' lang='lat' dir='ltr'>muri</span> <span class='ocrx_word' id='word_1_201' title='bbox 536 2903 607 2966; x_wconf 86' lang='lat' dir='ltr'>eius</span> <span class='ocrx_word' id='word_1_202' title='bbox 620 2903 706 2966; x_wconf 85' lang='lat' dir='ltr'>forte</span> <span class='ocrx_word' id='word_1_203' title='bbox 721 2919 778 2982; x_wconf 87' lang='lat' dir='ltr'>per</span> <span class='ocrx_word' id='word_1_204' title='bbox 798 2903 935 2966; x_wconf 88' lang='lat' dir='ltr'>brachia</span> <span class='ocrx_word' id='word_1_205' title='bbox 954 2919 993 2966; x_wconf 90' lang='lat' dir='ltr'>oc</span> <span class='ocrx_word' id='word_1_206' title='bbox 1008 2901 1013 2984; x_wconf 82' lang='grc' dir='ltr'>Ι</span> <span class='ocrx_word' id='word_1_207' title='bbox 1028 2902 1062 2965; x_wconf 91' lang='lat' dir='ltr'>to</span> <span class='ocrx_word' id='word_1_208' title='bbox 1082 2903 1328 2981; x_wconf 85' lang='lat' dir='ltr'>superterram.</span> 
     </span>
     <span class='ocr_line' id='line_1_23' title="bbox 263 2997 1332 3090; baseline 0.005 -23"><span class='ocrx_word' id='word_1_209' title='bbox 263 3007 322 3069; x_wconf 89' lang='lat' dir='ltr'>Hic</span> <span class='ocrx_word' id='word_1_210' title='bbox 341 2997 484 3070; x_wconf 76' lang='lat' dir='ltr'>=multum</span> <span class='ocrx_word' id='word_1_211' title='bbox 511 3009 737 3087; x_wconf 79' lang='lat' dir='ltr'>augmentavit</span> <span class='ocrx_word' id='word_1_212' title='bbox 767 3009 999 3071; x_wconf 89' lang='lat' dir='ltr'>monasterium</span> <span class='ocrx_word' id='word_1_213' title='bbox 1016 3008 1020 3090; x_wconf 90' lang='grc' dir='ltr'>Ι</span> <span class='ocrx_word' id='word_1_214' title='bbox 1036 3011 1147 3072; x_wconf 85' lang='lat' dir='ltr'>Sancti</span> <span class='ocrx_word' id='word_1_215' title='bbox 1167 3011 1332 3088; x_wconf 88' lang='lat' dir='ltr'>Bernardi</span> 
     </span>
     <span class='ocr_line' id='line_1_24' title="bbox 264 3113 1329 3198; baseline 0.003 -23"><span class='ocrx_word' id='word_1_216' title='bbox 264 3113 301 3176; x_wconf 89' lang='lat' dir='ltr'>de</span> <span class='ocrx_word' id='word_1_217' title='bbox 321 3115 434 3176; x_wconf 86' lang='lat' dir='ltr'>Aretio</span> <span class='ocrx_word' id='word_1_218' title='bbox 454 3115 487 3176; x_wconf 92' lang='lat' dir='ltr'>in</span> <span class='ocrx_word' id='word_1_219' title='bbox 510 3115 680 3198; x_wconf 82' lang='lat' dir='ltr'>hedificiis,</span> <span class='ocrx_word' id='word_1_220' title='bbox 700 3117 791 3177; x_wconf 87' lang='lat' dir='ltr'>libris</span> <span class='ocrx_word' id='word_1_221' title='bbox 814 3117 847 3178; x_wconf 85' lang='lat' dir='ltr'>et</span> <span class='ocrx_word' id='word_1_222' title='bbox 868 3117 1076 3194; x_wconf 82' lang='lat' dir='ltr'>paramentis.</span> <span class='ocrx_word' id='word_1_223' title='bbox 1093 3116 1097 3198; x_wconf 92' lang='grc' dir='ltr'>Ι</span> <span class='ocrx_word' id='word_1_224' title='bbox 1114 3118 1265 3196; x_wconf 84' lang='lat' dir='ltr'>Sepultus</span> <span class='ocrx_word' id='word_1_225' title='bbox 1279 3116 1329 3180; x_wconf 89' lang='lat' dir='ltr'>est</span> 
     </span>
     <span class='ocr_line' id='line_1_25' title="bbox 264 3219 1066 3286; baseline 0.004 -6"><span class='ocrx_word' id='word_1_226' title='bbox 264 3219 296 3281; x_wconf 94' lang='lat' dir='ltr'>in</span> <span class='ocrx_word' id='word_1_227' title='bbox 316 3221 514 3284; x_wconf 85' lang='lat' dir='ltr'>monasterio</span> <span class='ocrx_word' id='word_1_228' title='bbox 534 3221 645 3286; x_wconf 82' lang='lat' dir='ltr'>Sancti</span> <span class='ocrx_word' id='word_1_229' title='bbox 665 3222 809 3284; x_wconf 89' lang='lat' dir='ltr'>Miniatis</span> <span class='ocrx_word' id='word_1_230' title='bbox 830 3223 869 3284; x_wconf 90' lang='lat' dir='ltr'>de</span> <span class='ocrx_word' id='word_1_231' title='bbox 889 3223 1066 3285; x_wconf 83' lang='lat' dir='ltr'>Florentia.</span> 
     </span>
    </p>
   </div>
   <div class='ocr_carea' id='block_1_3' title="bbox 262 3520 1328 3952">
    <p class='ocr_par' dir='ltr' id='par_1_4' title="bbox 262 3520 1328 3774">
     <span class='ocr_line' id='line_1_26' title="bbox 297 3520 1328 3596; baseline 0.005 -20"><span class='ocrx_word' id='word_1_232' title='bbox 297 3520 337 3595; x_wconf 93' lang='lat'>(1)</span> <span class='ocrx_word' id='word_1_233' title='bbox 354 3521 489 3578; x_wconf 84' lang='lat' dir='ltr'>Duravit</span> <span class='ocrx_word' id='word_1_234' title='bbox 500 3520 533 3576; x_wconf 90' lang='lat' dir='ltr'>in</span> <span class='ocrx_word' id='word_1_235' title='bbox 543 3521 704 3578; x_wconf 79' lang='lat' dir='ltr'>abbetiatu</span> <span class='ocrx_word' id='word_1_236' title='bbox 716 3541 735 3578; x_wconf 86' lang='lat' dir='ltr'>a</span> <span class='ocrx_word' id='word_1_237' title='bbox 747 3522 968 3579; x_wconf 84' lang='lat' dir='ltr'>DominiceIII</span> <span class='ocrx_word' id='word_1_238' title='bbox 980 3528 1050 3596; x_wconf 84' lang='lat' dir='ltr'>post</span> <span class='ocrx_word' id='word_1_239' title='bbox 1068 3521 1187 3579; x_wconf 81' lang='lat' dir='ltr'>Pascha</span> <span class='ocrx_word' id='word_1_240' title='bbox 1197 3542 1245 3580; x_wconf 83' lang='lat' dir='ltr'>an.</span> <span class='ocrx_word' id='word_1_241' title='bbox 1256 3525 1328 3581; x_wconf 79' lang='lat'>1435</span> 
     </span>
     <span class='ocr_line' id='line_1_27' title="bbox 263 3599 1327 3683; baseline 0.006 -19"><span class='ocrx_word' id='word_1_242' title='bbox 263 3608 321 3679; x_wconf 77' lang='lat' dir='ltr'>(die</span> <span class='ocrx_word' id='word_1_243' title='bbox 338 3609 376 3664; x_wconf 61' lang='grc' dir='ltr'>ΞΒ</span> <span class='ocrx_word' id='word_1_244' title='bbox 393 3608 478 3682; x_wconf 87' lang='lat' dir='ltr'>maii)</span> <span class='ocrx_word' id='word_1_245' title='bbox 496 3625 596 3681; x_wconf 85' lang='lat' dir='ltr'>neque</span> <span class='ocrx_word' id='word_1_246' title='bbox 614 3609 653 3665; x_wconf 82' lang='lat' dir='ltr'>ad</span> <span class='ocrx_word' id='word_1_247' title='bbox 670 3599 861 3667; x_wconf 80' lang='lat' dir='ltr'>Dominicam</span> <span class='ocrx_word' id='word_1_248' title='bbox 880 3611 930 3666; x_wconf 86' lang='lat'>111</span> <span class='ocrx_word' id='word_1_249' title='bbox 948 3617 1018 3683; x_wconf 87' lang='lat' dir='ltr'>post</span> <span class='ocrx_word' id='word_1_250' title='bbox 1035 3611 1153 3668; x_wconf 83' lang='lat' dir='ltr'>Pascha</span> <span class='ocrx_word' id='word_1_251' title='bbox 1171 3611 1327 3670; x_wconf 72' lang='lat' dir='ltr'>enni1439</span> 
     </span>
     <span class='ocr_line' id='line_1_28' title="bbox 262 3691 1201 3774; baseline 0.005 -22"><span class='ocrx_word' id='word_1_252' title='bbox 262 3695 353 3768; x_wconf 85' lang='lat' dir='ltr'>(diem</span> <span class='ocrx_word' id='word_1_253' title='bbox 370 3699 406 3752; x_wconf 75' lang='lat'>26</span> <span class='ocrx_word' id='word_1_254' title='bbox 418 3697 552 3772; x_wconf 83' lang='lat' dir='ltr'>aprilis).</span> <span class='ocrx_word' id='word_1_255' title='bbox 573 3691 619 3754; x_wconf 77' lang='lat' dir='ltr'>ci.</span> <span class='ocrx_word' id='word_1_256' title='bbox 636 3697 813 3756; x_wconf 67' lang='lat' dir='ltr'>Furtumne.</span> <span class='ocrx_word' id='word_1_257' title='bbox 834 3699 924 3772; x_wconf 74' lang='lat' dir='ltr'>Tun,</span> <span class='ocrx_word' id='word_1_258' title='bbox 944 3699 987 3772; x_wconf 88' lang='lat'>11,</span> <span class='ocrx_word' id='word_1_259' title='bbox 1006 3717 1035 3774; x_wconf 89' lang='lat' dir='ltr'>p.</span> <span class='ocrx_word' id='word_1_260' title='bbox 1055 3701 1117 3773; x_wconf 68' lang='lat'>172,</span> <span class='ocrx_word' id='word_1_261' title='bbox 1137 3701 1201 3758; x_wconf 89' lang='lat'>181.</span> 
     </span>
    </p>

    <p class='ocr_par' dir='ltr' id='par_1_5' title="bbox 298 3783 898 3861">
     <span class='ocr_line' id='line_1_29' title="bbox 298 3783 898 3861; baseline 0.007 -21"><span class='ocrx_word' id='word_1_262' title='bbox 298 3783 339 3860; x_wconf 76' lang='lat'>(2)</span> <span class='ocrx_word' id='word_1_263' title='bbox 357 3785 404 3842; x_wconf 81' lang='lat' dir='ltr'>cf.</span> <span class='ocrx_word' id='word_1_264' title='bbox 425 3786 583 3844; x_wconf 79' lang='lat' dir='ltr'>Rnersun.</span> <span class='ocrx_word' id='word_1_265' title='bbox 603 3787 706 3860; x_wconf 65' lang='lat' dir='ltr'>Ome„</span> <span class='ocrx_word' id='word_1_266' title='bbox 727 3787 769 3856; x_wconf 86' lang='lat'>11,</span> <span class='ocrx_word' id='word_1_267' title='bbox 787 3789 834 3861; x_wconf 77' lang='lat'>24,</span> <span class='ocrx_word' id='word_1_268' title='bbox 853 3789 898 3844; x_wconf 80' lang='lat'>25.</span> 
     </span>
    </p>

    <p class='ocr_par' dir='ltr' id='par_1_6' title="bbox 297 3871 1325 3952">
     <span class='ocr_line' id='line_1_30' title="bbox 297 3871 1325 3952; baseline 0.009 -24"><span class='ocrx_word' id='word_1_269' title='bbox 297 3871 338 3948; x_wconf 85' lang='lat'>(3)</span> <span class='ocrx_word' id='word_1_270' title='bbox 355 3872 419 3930; x_wconf 79' lang='lat' dir='ltr'>Gir.</span> <span class='ocrx_word' id='word_1_271' title='bbox 438 3874 672 3943; x_wconf 72' lang='lat' dir='ltr'>Leucnnnounr,</span> <span class='ocrx_word' id='word_1_272' title='bbox 693 3893 738 3948; x_wconf 87' lang='lat' dir='ltr'>op.</span> <span class='ocrx_word' id='word_1_273' title='bbox 757 3877 818 3949; x_wconf 73' lang='lat' dir='ltr'>cia,</span> <span class='ocrx_word' id='word_1_274' title='bbox 838 3876 864 3950; x_wconf 86' lang='grc' dir='ltr'>Ι,</span> <span class='ocrx_word' id='word_1_275' title='bbox 889 3879 941 3950; x_wconf 76' lang='lat'>4²3</span> <span class='ocrx_word' id='word_1_276' title='bbox 968 3877 1144 3934; x_wconf 72' lang='lat' dir='ltr'>Pennus.</span> <span class='ocrx_word' id='word_1_277' title='bbox 1167 3879 1257 3952; x_wconf 73' lang='lat' dir='ltr'>Tua,</span> <span class='ocrx_word' id='word_1_278' title='bbox 1281 3879 1325 3948; x_wconf 85' lang='lat'>11,</span> 
     </span>
    </p>
   </div>
   <div class='ocr_carea' id='block_1_4' title="bbox 262 3962 1325 4123">
    <p class='ocr_par' dir='ltr' id='par_1_7' title="bbox 262 3962 1325 4123">
     <span class='ocr_line' id='line_1_31' title="bbox 262 3962 1325 4038; baseline 0.01 -24"><span class='ocrx_word' id='word_1_279' title='bbox 262 3977 310 4017; x_wconf 83' lang='lat' dir='ltr'>an.</span> <span class='ocrx_word' id='word_1_280' title='bbox 332 3962 412 4034; x_wconf 79' lang='lat'>1435,</span> <span class='ocrx_word' id='word_1_281' title='bbox 426 3979 455 4034; x_wconf 90' lang='lat' dir='ltr'>p.</span> <span class='ocrx_word' id='word_1_282' title='bbox 471 3962 540 4019; x_wconf 71' lang='lat'>174’.</span> <span class='ocrx_word' id='word_1_283' title='bbox 555 3963 667 4022; x_wconf 72' lang='lat' dir='ltr'>Viden</span> <span class='ocrx_word' id='word_1_284' title='bbox 680 3982 759 4037; x_wconf 84' lang='lat' dir='ltr'>quae</span> <span class='ocrx_word' id='word_1_285' title='bbox 776 3965 922 4038; x_wconf 83' lang='lat' dir='ltr'>superius</span> <span class='ocrx_word' id='word_1_286' title='bbox 940 3966 977 4024; x_wconf 82' lang='lat' dir='ltr'>de</span> <span class='ocrx_word' id='word_1_287' title='bbox 989 3967 1048 4024; x_wconf 87' lang='lat' dir='ltr'>hcc</span> <span class='ocrx_word' id='word_1_288' title='bbox 1066 3967 1251 4025; x_wconf 72' lang='lat' dir='ltr'>monasterio</span> <span class='ocrx_word' id='word_1_289' title='bbox 1265 3974 1325 4026; x_wconf 85' lang='lat' dir='ltr'>tra·</span> 
     </span>
     <span class='ocr_line' id='line_1_32' title="bbox 262 4047 1049 4123; baseline 0.009 -19"><span class='ocrx_word' id='word_1_290' title='bbox 262 4047 334 4122; x_wconf 85' lang='lat' dir='ltr'>didi,</span> <span class='ocrx_word' id='word_1_291' title='bbox 356 4067 424 4123; x_wconf 77' lang='lat' dir='ltr'>pag.</span> <span class='ocrx_word' id='word_1_292' title='bbox 442 4065 544 4109; x_wconf 81' lang='lat' dir='ltr'>xxm.</span> <span class='ocrx_word' id='word_1_293' title='bbox 1046 4061 1049 4066; x_wconf 83' lang='lat'>&#39;</span> 
     </span>
    </p>
   </div>
   <div class='ocr_carea' id='block_1_5' title="bbox 0 0 1832 5520">
    <p class='ocr_par' dir='ltr' id='par_1_8' title="bbox 0 0 1832 5520">
     <span class='ocr_line' id='line_1_33' title="bbox 0 0 1832 5520; baseline 0 0"><span class='ocrx_word' id='word_1_294' title='bbox 0 0 1832 5520; x_wconf 95' lang='lat' dir='ltr'> </span> 
     </span>
    </p>
   </div>
  </div>
 </body>
</html>
