3594 5576
414 497 477 555 116
893 515 924 562 r.
950 515 1100 562 nrrsnno

411 727 547 790 formale
570 749 721 806 possesso
746 734 824 810 peri)
847 733 880 794 (11
905 735 938 794 S.
964 735 1100 796 Niocolb
1123 753 1188 796 non
1212 731 1233 794 l’
1251 735 1371 797 ebbero
1395 755 1430 798 se
1457 756 1523 798 non
1554 739 1580 797 il

410 839 452 896 28
477 838 608 898 ottobre
634 841 730 918 1348,
754 841 887 916 quando
910 841 1013 902 Paolo
1037 842 1159 920 Trinci,
1191 843 1242 902 ool
1271 859 1430 906 consenso
1454 845 1507 906 del
1530 863 1581 905 ca·

410 943 514 1019 pitolo
538 945 708 1028 folignote,
732 947 869 1024 erigere
900 947 933 1008 la
961 948 1073 1008 chiesa
1103 950 1261 1011 suddetta
1291 969 1311 1011 a
1333 951 1484 1028 regolare
1506 969 1524 1012 e
1546 951 1582 1012 la

409 1051 550 1130 rionava,
575 1054 781 1116 unitarnente
806 1055 836 1116 ((1
862 1063 1060 1136 monastero,
1084 1053 1139 1117 all’
1149 1059 1264 1119 ordine
1287 1060 1321 1119 di
1345 1053 1579 1138 Montoliveto',

409 1161 469 1220 olre
492 1155 695 1222 l'sccettava
719 1180 776 1238 per
800 1181 907 1222 mezzo
930 1159 980 1224 de'
995 1165 1067 1224 suoi
1085 1167 1291 1240 procuratori
1308 1167 1394 1227 irate
1409 1167 1579 1227 Bernardo

412 1287 428 1324 <‹
447 1267 596 1342 Optolini
615 1289 631 1324 »
658 1286 676 1330 e
701 1269 886 1329 Benrdetto
910 1270 943 1330 di
969 1272 1152 1332 Francesco
1176 1273 1218 1334 da
1241 1274 1378 1334 Firenze
1397 1272 1442 1354 (¹).
1467 1275 1523 1333 Ma
1545 1274 1580 1332 la

408 1375 519 1434 chiesa
541 1395 559 1434 e
584 1379 771 1436 monastero
795 1377 828 1436 di
853 1377 885 1436 S.
912 1377 1047 1438 Niecolo
1071 1379 1127 1454 gia
1151 1381 1298 1456 soggetti
1322 1382 1353 1440 al
1378 1382 1507 1442 celebre
1529 1400 1577 1441 ee-

410 1481 508 1540 00010
531 1482 564 1542 (11
597 1483 702 1542 Semta
733 1485 835 1544 Oroce
863 1483 896 1544 (11
929 1485 1111 1546 Sassovivo
1142 1487 1187 1563 (²),
1216 1487 1391 1548 dovevano
1422 1489 1578 1567 troversi,

408 1589 540 1664 qnando
564 1589 680 1650 turono
703 1592 828 1652 affidati
853 1591 921 1666 egli
947 1593 1129 1672 (llivetnni,
1155 1594 1189 1654 in
1214 1595 1356 1670 pessimo
1380 1599 1478 1656 stato.
1504 1597 1578 1656 Poi-

408 1695 467 1756 ebe
490 1701 631 1776 coetero,
657 1716 755 1758 senne
778 1703 898 1760 metten
924 1705 1033 1776 tempo
1058 1700 1092 1760 in
1116 1719 1234 1779 mezzo,
1259 1703 1300 1762 ne
1324 1703 1460 1763 iacendo
1479 1703 1578 1762 alcun

407 1805 506 1862 conto
529 1803 617 1864 della
640 1805 773 1880 propria
796 1807 946 1883 poverte,
964 1807 992 1868 si
1010 1825 1127 1883 posero
1143 1826 1163 1868 a
1179 1807 1362 1870 riedifrcere
1378 1827 1395 1870 e
1411 1827 1431 1869 a
1447 1809 1577 1869 ridurre

407 1909 518 1969 chiesa
540 1927 558 1970 e
582 1915 769 1971 monastero
794 1913 850 1987 piir
872 1913 1120 1974 convenientis
1139 1914 1259 1990 meglio
1283 1915 1470 1988 assicureti,
1485 1933 1577 1991 spen-

407 2017 550 2078 demlovi
574 2018 608 2077 di
633 2019 736 2078 molta
759 2020 907 2094 pecunia.
940 2021 1071 2080 llbboro
1096 2022 1245 2082 tuttavia
1268 2022 1322 2082 del
1346 2023 1500 2083 munifico
1523 2041 1577 2084 ve-

407 2142 507 2184 scovo
530 2124 633 2184 Paolo
662 2125 773 2185 Trinoi
804 2144 848 2186 un
880 2133 1016 2202 potente
1046 2127 1149 2206 aiuto,
1182 2147 1240 2204 per
1270 2133 1362 2189 certe
1385 2129 1575 2206 donatione,

406 2227 457 2291 clr’
473 2231 540 2308 egli
564 2232 635 2292 loro
660 2233 737 2310 fece,
762 2233 796 2292 di
820 2252 896 2294 ease
919 2253 938 2294 e
962 2235 1095 2314 terreni,
1128 2235 1216 2311 posti
1241 2231 1291 2296 ne’
1317 2236 1464 2296 (lintorni
1488 2237 1577 2297 delle

407 2338 527 2398 Chiesa
549 2356 567 2397 e
592 2343 778 2401 monastero
804 2341 847 2417 (³).
880 2341 945 2413 Qui
976 2346 1148 2401 restnrono
1177 2342 1188 2402 i
1212 2342 1340 2402 monaci
1363 2342 1397 2401 di
1421 2343 1575 2403 Montoli-

407 2451 485 2504 veto
508 2445 574 2502 flno
597 2444 628 2503 sl
655 2448 751 2524 1434,
776 2447 907 2521 quando
932 2465 1119 2508 successere
1143 2447 1213 2508 loro
1237 2447 1285 2524 gli
1309 2448 1535 2524 Agentiniani.

472 2709 508 2780 (“)
527 2707 673 2762 Rssrsrn.
693 2709 786 2776 Onrv,
817 2709 842 2776 Ι,
869 2711 912 2764 26.
944 2738 968 2749 -
996 2708 1073 2762 Seno
1092 2709 1225 2764 notevoli
1245 2715 1349 2780 queste
1370 2710 1488 2779 parole:
1514 2709 1577 2762 «Et

400 2799 470 2870 quis
490 2798 568 2852 idem
588 2798 725 2851 dominus
744 2799 902 2870 episeopus
922 2799 1060 2853 abbatem
1089 2807 1121 2852 et
1148 2797 1259 2853 fratres
1278 2800 1454 2853 monasterii
1473 2805 1577 2853 sancte

400 2887 495 2942 Maris
515 2887 550 2944 de
570 2887 673 2941 Monte
692 2886 811 2954 Oliveti,
831 2889 947 2942 aretine
974 2888 1110 2956 diocesis,
1140 2887 1273 2942 eiusdem
1302 2889 1399 2941 sancti
1425 2887 1579 2941 Benedicti

400 2977 529 3044 Ordinis,
551 2979 645 3046 novit,
663 2977 845 3047 eoepericntia
865 2980 1005 3044 edocente,
1025 2978 1103 3032 uiros
1121 2995 1180 3032 esse
1199 2977 1345 3048 rcliyiosos
1362 2980 1388 3032 et
1405 2981 1505 3032 sancte
1516 2994 1581 3032 con·

401 3068 572 3123 versationis
589 3072 615 3122 et
634 3068 698 3135 uite,
714 3086 770 3138 pei·
787 3085 860 3139 quos
879 3067 993 3122 erudiri
1008 3071 1140 3138 populns
1159 3069 1199 3122 ad
1219 3068 1348 3135 virtuter,
1372 3071 1398 3122 et
1422 3070 1515 3122 clerus
1538 3069 1579 3122 ad

399 3158 582 3212 sanctitatem
601 3159 733 3214 animari
748 3157 857 3230 poterit
875 3161 902 3212 et
919 3158 1024 3227 uoueri
1042 3160 1124 3212 uerbo
1143 3157 1258 3228 pariter
1280 3162 1307 3212 et
1319 3160 1457 3227 enemplo,
1479 3161 1507 3211 et
1523 3173 1579 3226 per

398 3265 445 3302 eos
471 3247 573 3302 metius
599 3248 775 3314 reformari:
802 3265 857 3300 neo
875 3252 964 3300 erant
983 3248 1033 3299 elii
1054 3247 1187 3318 religiosi
1207 3245 1350 3312 eiusdem,
1369 3247 1432 3300 sive
1452 3247 1578 3300 alterius

398 3336 520 3404 ordinis,
540 3353 594 3390 nec
612 3337 742 3391 inveniri
764 3343 910 3406 poterant,
940 3354 993 3407 per·
1022 3353 1098 3406 qnos
1119 3343 1220 3406 posset
1238 3337 1339 3406 ipsum
1359 3337 1576 3390 monasterium

400 3427 505 3479 melius
525 3426 588 3496 regi
608 3443 642 3478 ac
661 3426 812 3480 salubrius
832 3426 995 3496 gubernari
1015 3427 1076 3478 ullo
1097 3424 1191 3494 mod0,
1211 3423 1291 3478 facta
1310 3441 1401 3494 super
1421 3425 1458 3478 iis
1484 3424 1578 3494 inqui-

399 3515 507 3568 sitione
526 3514 631 3568 solerti
650 3515 814 3569 secundum
834 3516 976 3570 canonica
997 3516 1149 3582 instituta,
1180 3513 1305 3568 eandem
1333 3513 1488 3568 ecclesium
1512 3515 1577 3567 sive

340 3606 345 3618 ’
399 3604 625 3672 monasterium,
645 3611 779 3674 ereptam
799 3610 830 3657 et
848 3605 1019 3675 regularem
1038 3602 1183 3672 effectam,
1200 3609 1235 3656 ut
1245 3604 1384 3674 superius
1403 3603 1578 3656 dictumest

398 3699 429 3744 et
448 3693 643 3762 premittitur,
663 3692 825 3764 regendam
854 3699 885 3746 et
913 3691 1140 3762 gubernandam
1162 3698 1307 3762 perpetuo
1326 3693 1436 3746 statuit
1455 3693 1485 3744 in
1506 3697 1579 3744 tem-

400 3781 550 3850 poralibus
570 3788 601 3834 et
619 3781 828 3852 spiritualibus
842 3800 893 3852 per
908 3781 1047 3835 abbatem
1067 3781 1139 3834 dicti
1161 3783 1337 3836 monasterii
1356 3787 1459 3835 sancte
1479 3780 1574 3834 Marie

400 3871 435 3925 de
456 3871 557 3926 Monte
577 3871 697 3940 Oliveti,
719 3873 765 3926 vel
784 3871 877 3924 alium
897 3872 944 3925 sui
964 3870 1083 3926 Ordinis
1104 3888 1192 3941 quem
1222 3871 1344 3925 duxerit
1363 3869 1576 3940 deputandum,

400 3979 457 4016 ecc.
478 3979 574 4015 ecc.›.

471 4052 504 4123 (⁹)
523 4051 553 4104 Si
572 4050 601 4104 fa
622 4054 776 4106 menzione
796 4051 826 4105 di
846 4056 954 4122 questa
973 4051 1073 4104 chiesa
1092 4051 1171 4104 nella
1190 4049 1269 4104 bolla
1297 4049 1327 4102 di
1352 4049 1521 4104 Innocenzo
1545 4051 1578 4104 ΙΙ

400 4141 492 4211 (1138)
511 4159 527 4194 e
547 4141 576 4194 di
596 4141 707 4196 Onorio
726 4141 775 4194 III
795 4141 888 4212 (1216)
910 4157 961 4210 per
980 4139 1149 4195 Sessovivo.
1169 4138 1227 4193 Cir.
1247 4137 1422 4206 Jsoonrnnr,
1443 4141 1495 4208 Op.
1520 4140 1576 4208 cit,

401 4249 428 4300 p.
447 4231 508 4298 303,
527 4230 589 4284 309.

471 4318 889 4392 (³)Rnersrn.0n1v.,1,28.
920 4351 954 4358 -
985 4318 1060 4373 Ecce
1089 4320 1121 4372 in
1149 4319 1219 4389 qual
1247 4316 1334 4371 modo
1353 4319 1380 4370 si
1397 4323 1578 4374 racconteno

398 4414 503 4480 queste
522 4426 589 4463 cose
609 4408 676 4463 nell’
691 4415 756 4462 atto
778 4408 943 4462 vescovile:
971 4431 1035 4462 «.....
1051 4407 1222 4481 Aotendens
1249 4405 1387 4477 (domnus
1406 4407 1577 4477 episeopus»

400 4499 479 4570 quod
498 4499 589 4553 abbas
608 4505 639 4552 et
657 4498 769 4552 fratres
789 4498 861 4552 dicti
882 4499 1056 4552 monasterii
1076 4502 1178 4552 sancte
1205 4497 1299 4550 Maria
1332 4496 1367 4550 de
1393 4496 1495 4551 Monte
1521 4496 1579 4550 Oli·

399 4589 471 4655 veti,
500 4591 648 4658 tunquam
678 4588 746 4642 boni
773 4587 900 4658 reliyiosi
926 4591 954 4642 et
976 4587 1104 4657 perfecte
1123 4586 1188 4654 uite,
1217 4585 1331 4640 dietum
1359 4587 1577 4640 monasterinm
