3642 5510
606 509 751 611 Aatoaii
771 550 959 624 Beruenses
1191 559 1315 611 xxxvu

250 763 369 809 manae
380 742 474 812 vitae
485 771 515 809 1.
528 741 594 810 Sed
604 765 818 831 nequaquam
829 743 909 831 egit,
917 766 979 810 nec
987 745 1030 810 ab
1041 744 1153 831 aliquo
1165 744 1317 832 priorum

250 864 435 946 poetarum,
452 858 695 944 theologorum,
710 864 746 924 et
767 859 1037 944 recthoricorum,
1053 861 1094 925 de
1108 867 1179 926 tam
1195 860 1318 926 eximio

251 996 359 1062 opere,
371 974 579 1062 temporibus
594 973 767 1042 retroactis
782 981 960 1042 narratum
974 997 1044 1042 esse
1058 976 1196 1064 reperio.
1213 975 1319 1042 Oredo

251 1090 406 1156 eumdem
428 1089 666 1158 Innocentium
680 1090 718 1156 in
733 1091 958 1158 Ecclesiarum
976 1091 1141 1178 regimine
1159 1091 1320 1158 constitu-

251 1213 337 1291 tum,
361 1227 461 1294 quern
483 1205 640 1273 dominus
658 1207 900 1294 speculatorem
921 1207 1059 1274 dederat
1075 1207 1191 1274 domui
1205 1207 1318 1290 Israel,

253 1327 356 1408 atque
369 1321 600 1390 dimicatorem
615 1330 733 1389 contra
746 1321 900 1390 inimicos
912 1323 1088 1408 Ecclesiae,
1100 1327 1141 1390 ut
1156 1323 1237 1390 olim
1251 1329 1320 1390 tur·

253 1437 318 1504 rim
340 1437 454 1505 David
475 1444 593 1504 contra
607 1438 821 1523 Damascum,
841 1437 895 1504 uti
916 1438 1088 1505 hominem
1110 1437 1321 1526 occupatissi-

253 1575 358 1637 mum,
371 1553 461 1640 quod
475 1551 557 1620 olim
571 1553 780 1640 promiserat,
793 1554 888 1620 nullo
902 1554 1001 1622 modo
1011 1554 1151 1642 implere
1156 1554 1319 1642 potuisse.

255 1668 477 1756 Quapropter,
500 1668 713 1752 dilectissime
730 1667 791 1753 fili,
807 1674 842 1734 11
863 1668 954 1736 inter
968 1674 1114 1737 caeteros
1128 1669 1215 1736 filios
1230 1691 1321 1736 meos
1385 1709 1388 1714 -

255 1783 292 1850 11
315 1783 451 1850 Christo
465 1783 709 1871 utplurimum
731 1783 979 1870 cordialissime,
998 1785 1182 1852 multifarie
1203 1785 1245 1850 de
1261 1791 1321 1852 tua

256 1899 432 1969 dilectione
461 1905 496 1965 et
517 1898 658 1966 caritate
683 1899 863 1984 confidens,
887 1921 957 1967 non
983 1901 1226 1988 praecipiendo,
1252 1921 1322 1966 non

256 2015 414 2102 cogendo,
433 2015 490 2081 sed
511 2014 654 2081 dulciter
668 2014 897 2104 supplicando,
910 2021 1012 2102 atque
1022 2016 1197 2082 humiliter
1207 2015 1323 2082 exhor-

257 2131 370 2215 tando,
394 2135 429 2195 te
443 2151 525 2217 rogo
547 2136 715 2217 quatenus
737 2131 892 2197 eumdem
914 2130 1076 2216 libellum,
1099 2154 1120 2198 a
1141 2131 1210 2196 iam
1235 2135 1323 2196 tran·

258 2245 358 2336 sactis
379 2245 587 2332 temporibus
609 2245 652 2312 ab
674 2245 733 2312 illo
762 2268 894 2313 summo
916 2245 1075 2333 pontifice
1090 2245 1171 2314 olim
1186 2243 1324 2333 promis·

259 2383 343 2445 sum,
371 2360 492 2448 exequi
522 2360 607 2429 velis
638 2361 682 2427 ad
708 2383 819 2428 meam
853 2361 1132 2446 exhortationem,
1162 2366 1324 2447 tuamque

259 2475 522 2543 consolationem
545 2480 580 2541 et
601 2475 772 2560 meritum,
789 2476 1008 2563 omniumque
1026 2475 1153 2543 Christi
1174 2475 1324 2542 fidelium

259 2592 412 2658 suturam
445 2592 705 2659 instructionem
734 2599 999 2680 perpetuamque
1028 2593 1181 2659 salutem.
1215 2591 1325 2670 Quare

260 2707 414 2774 eumdem
429 2707 582 2774 libellum
597 2707 662 2777 tibi
676 2708 788 2794 mitto,
801 2731 871 2776 non
886 2709 1119 2797 compositum,
1132 2709 1189 2775 sed
1201 2708 1326 2795 aliqua-

260 2822 346 2907 liter,
370 2844 431 2910 per
452 2822 582 2910 aliquas
604 2823 837 2891 distinctiones
860 2830 895 2890 et
916 2824 1067 2912 capitula
1082 2823 1230 2892 breviter
1245 2823 1327 2889 desi-

260 2941 415 3024 gnatum.
443 2937 491 3003 Et
516 2937 687 3025 quoniam,
710 2943 751 3005 111
776 2940 894 3024 cernis,
919 2938 1149 3006 amantissime
1174 2937 1234 3022 fili,
1257 2937 1326 3003 iam

261 3051 299 3118 in
314 3051 382 3118 fine
397 3053 682 3140 quadragesimae,
698 3053 816 3120 multis
831 3059 1029 3122 attenuatus
1043 3051 1187 3136 ieiuniis,
1199 3051 1327 3138 'vigiliis

262 3187 404 3254 quoque,
421 3167 699 3256 regularibusque
719 3169 943 3238 observantiis
966 3168 1140 3255 fatigatam,
1164 3189 1226 3234 nee
1247 3188 1326 3250 non,

262 3282 348 3369 proh
370 3282 474 3366 dolor,
497 3282 719 3350 exterioribus
741 3284 896 3371 negotiis,
919 3305 981 3372 pro
1002 3283 1194 3350 defensione
1215 3303 1329 3349 mona-

185 3373 196 3386 *
263 3395 358 3464 sterii
374 3396 484 3466 invite
498 3397 655 3464 detentus
670 3419 755 3483 sum,
771 3404 898 3487 etpost
912 3398 994 3466 haec
1011 3398 1134 3483 omnia,
1151 3397 1260 3464 adhuc
1282 3418 1329 3462 re-

264 3513 377 3600 quiem
404 3534 475 3581 non
504 3513 651 3582 invenio.
679 3513 744 3580 Sed
769 3514 935 3581 celebrato
957 3513 1126 3602 praesenti
1147 3512 1273 3580 ieiunio
1295 3517 1329 3578 et

264 3629 370 3696 Pasoa
379 3628 496 3696 11111111
507 3650 569 3718 pro
581 3629 726 3716 negotiis
741 3628 809 3696 mei
819 3629 956 3714 ordinis,
969 3628 1159 3696 obedientia
1173 3633 1208 3694 et
1222 3649 1331 3694 neces·

265 3743 364 3811 sitate
379 3744 589 3831 compulsum
603 3744 647 3810 ad
661 3749 816 3812 nostrum
835 3743 1031 3830 Capitulum
1047 3743 1211 3830 generale,
1227 3763 1331 3829 prope
1397 3813 1404 3826 ,

266 3857 447 3925 Senensem
461 3857 636 3926 civitatem
651 3857 689 3925 in
703 3858 857 3947 proximo
872 3857 1117 3942 celebrandum,
1130 3861 1263 3946 oportet
1277 3877 1331 3922 me

267 3971 466 4059 quantocius
488 3995 675 4062 properare.
699 3973 778 4040 Ideo
800 3971 854 4040 his
879 3971 1035 4040 omnibus
1057 3971 1332 4060 occupationibus

267 4087 491 4176 praepeditus,
503 4089 546 4154 ad
558 4110 642 4176 opus
652 4087 844 4177 praefatum
860 4088 1059 4156 decantaret
1074 4089 1203 4154 morose
1213 4107 1333 4156 vacare

267 4221 337 4269 non
351 4223 497 4291 possum.
514 4201 578 4270 Sed
593 4204 733 4290 gaudeo,
757 4223 846 4288 sane,
862 4202 942 4290 quia
957 4208 1001 4287 ts,
1017 4201 1067 4270 fili
1081 4200 1279 4284 dulcissime,
1295 4199 1333 4266 in

268 4319 341 4383 arte
351 4316 498 4385 oratoria
512 4317 823 4406 eloquentissimum
837 4316 979 4405 repperi,
992 4315 1051 4404 qui
1065 4315 1155 4382 inter
1170 4313 1334 4382 11111111-

268 4427 374 4498 toriae
389 4427 481 4516 artis,
498 4429 551 4498 uti
573 4431 677 4500 audeo
692 4431 809 4514 dicere,
833 4451 902 4498 non
924 4431 1023 4499 modo
1041 4429 1214 4512 secundus,
1230 4427 1333 4494 immo
