3642 5510
537 531 726 592 chronicon
745 525 870 590 Montis
895 526 1011 588 Oltoett
1265 525 1307 585 23

240 721 361 783 naualis
389 737 447 784 seu
473 720 702 794 visitatorum
730 736 793 800 que
820 737 885 783 non
914 718 1033 782 leviter
1059 715 1305 782 conceptumn

241 827 365 890 Pascha
381 845 485 906 usque
501 827 505 909 Ι
522 829 562 891 ad
576 829 809 900 pentecostem,
823 841 884 890 nec
897 844 1000 890 unum
1013 827 1097 888 diem
1116 825 1306 896 ieiunamuS,

240 933 333 996 iuxta
361 936 548 1013 preceptum
564 934 569 1017 Ι
585 915 718 1014 regule;
738 937 840 998 verba
861 951 988 1014 quoque
1012 933 1137 996 Domini
1160 931 1307 995 memori·

240 1039 292 1100 ter
304 1039 498 1114 retinentes,
511 1042 667 1104 dicentis:
688 1043 760 1102 Non
778 1039 782 1120 Ι
799 1043 934 1118 possunt
955 1039 1012 1101 lilii
1031 1040 1138 1117 sponsi
1160 1038 1307 1100 ieiunare

241 1145 395 1222 quamdiu
421 1162 493 1208 cum
521 1147 586 1208 illis
612 1147 663 1209 est
682 1163 819 1224 sponsus
834 1144 892 1226 (1).
917 1149 945 1208 A
966 1145 1068 1208 Pente
1084 1143 1088 1224 Ι
1105 1143 1193 1206 coste
1220 1143 1307 1204 enim

241 1267 345 1330 usque
357 1251 399 1314 ad
413 1253 532 1314 testum
546 1254 763 1316 Exaltationis
777 1252 893 1316 Sancte
907 1253 1029 1326 crucis,
1043 1253 1204 1331 quartam,
1218 1249 1222 1330 Ι
1235 1265 1308 1311 sex-

240 1356 373 1436 tamque
387 1357 503 1422 tariam
517 1360 664 1422 ieiunant
677 1360 808 1432 iratres,
829 1375 1033 1438 nequaquam
1054 1357 1141 1420 hanc
1160 1371 1308 1418 nurmam

240 1463 295 1524 uio
314 1461 320 1544 Ι
341 1463 459 1538 lantes,
479 1465 542 1527 nisi
568 1465 688 1528 nimius
716 1467 829 1528 fervor
849 1467 962 1528 estatis
988 1463 1170 1528 incaluerit.
1191 1465 1228 1524 In
1248 1462 1309 1522 ltd-

241 1574 345 1634 ventu
373 1573 511 1646 Domini,
528 1571 532 1654 Ι
549 1573 584 1635 in
606 1573 868 1652 Quadragesima‚
889 1573 924 1634 in
951 1572 1072 1650 vigiliis
1098 1572 1138 1632 ab
1165 1567 1311 1631 Ecclesia

242 1678 385 1751 statutis,
407 1679 440 1741 et
461 1678 602 1740 inomni
623 1679 674 1742 die
694 1695 737 1742 ue
752 1678 757 1760 Ι
773 1680 873 1752 neris,
895 1678 1058 1742 lacticinia
1071 1678 1160 1740 haud
1174 1675 1310 1739 comedi·

245 1803 327 1858 mus,
349 1801 411 1848 nec
437 1801 509 1848 ova.
530 1789 653 1848 Gar-nes
673 1801 752 1848 num
768 1784 773 1867 Ι
789 1803 887 1864 quam
909 1786 1100 1859 mandimus,
1120 1785 1184 1847 nisi
1198 1782 1311 1862 gravis

244 1890 465 1953 intervenerit
485 1889 687 1952 infirmitatis
708 1907 803 1954 neces
820 1889 824 1971 Ι
841 1891 941 1952 sitas:
962 1891 1045 1969 quod
1065 1890 1104 1952 ut
1126 1887 1311 1951 infirmatus

246 2012 281 2058 se
300 1995 417 2058 melius
445 1994 568 2057 habere
595 1995 796 2072 cognoverit,
818 1977 871 2072 opi
886 1992 890 2076 Ι
907 1996 947 2056 do
973 1994 1106 2056 dimittit
1133 2009 1198 2066 eas,
1219 1991 1253 2052 et
1272 1990 1312 2051 ad

246 2103 370 2182 proprii
391 2102 572 2165 conventus
592 2101 776 2164 revertitur
796 2117 901 2162 usum.
918 2099 923 2181 Ι
939 2103 985 2164 De
1005 2101 1150 2164 vestibus
1171 2099 1247 2178 quid
1267 2097 1313 2158 di·
1339 2113 1501 2159 novamen.

247 2212 341 2272 cami
369 2210 441 2270 Non
469 2209 555 2270 onim
581 2208 724 2286 antiquis
748 2207 893 2286 patribus
921 2225 1034 2286 compa
1049 2207 1054 2289 Ι
1070 2206 1164 2269 randi
1193 2220 1313 2276 sumus,

247 2315 302 2394 qui
331 2315 463 2376 modicis
483 2331 523 2376 ac
542 2315 652 2393 paucis
680 2316 795 2394 pannis
817 2317 1011 2389 utebantur;
1038 2315 1148 2378 tamen
1164 2315 1168 2395 Ι
1184 2329 1247 2376 uec
1266 2311 1314 2390 gi-

248 2419 381 2498 rovagis
401 2419 599 2482 conformari
621 2419 791 2482 credimus.
812 2421 895 2483 Nam
911 2420 1040 2483 tunichi
1056 2419 1060 2501 Ι
1077 2437 1156 2482 num
1175 2417 1314 2497 penitus,

249 2525 320 2586 sino
340 2524 483 2586 evidenti
505 2523 710 2596 necessitate,
730 2525 882 2588 videlicet
908 2523 1120 2596 infirmitatis,
1136 2521 1140 2604 Ι
1155 2525 1315 2585 tenemus.

250 2630 421 2694 camisiam
441 2631 551 2692 autem
565 2647 671 2710 neque
688 2631 817 2704 lineam,
832 2648 938 2710 neque
959 2633 1086 2694 laneam
1107 2637 1292 2708 portamus;
1309 2626 1313 2708 Ι

251 2735 307 2798 sed
326 2735 455 2796 tantum
481 2751 580 2812 super
604 2736 691 2798 nuda
709 2751 812 2798 carne
839 2736 1016 2813 simplicem
1036 2736 1189 2796 tunicam.
1211 2736 1318 2793 Unus-

251 2840 386 2920 quisque
403 2837 408 2920 Ι
423 2840 571 2901 nostrum
592 2842 661 2902 tres
676 2841 716 2901 ad
729 2857 824 2901 usum
838 2839 937 2901 habet
951 2840 1089 2912 tunicas,
1103 2855 1177 2900 cum
1190 2837 1318 2899 cuculla

252 2947 286 3010 et
299 2947 479 3025 scapulare.
501 2947 558 3008 Sin
574 2944 579 3027 Ι
595 2946 683 3024 gulis
697 2961 824 3024 quoque
838 2945 959 3006 dantur
980 2944 1111 3022 pedules
1125 2945 1159 3007 et
1172 2943 1318 3021 capeline

252 3052 447 3116 necessarie.
473 3055 555 3114 Nam
573 3050 578 3134 Ι
594 3053 698 3132 caliga
724 3052 853 3114 difficile
879 3052 1112 3124 conceduntur,
1136 3051 1202 3112 hiis
1228 3051 1319 3112 dum·

253 3157 347 3220 tanat
377 3173 458 3236 quos
488 3157 661 3219 infirmitas
678 3155 682 3238 Ι
698 3173 756 3219 seu
784 3158 935 3218 senectus
965 3156 1071 3234 urget,
1092 3156 1145 3218 vel
1167 3154 1319 3217 aliaest·
1401 3182 1429 3214 ο.
1457 3169 1470 3214 ·.

254 3261 441 3324 doctissima
461 3278 560 3324 causa
579 3261 730 3340 deposcit.
747 3259 751 3340 Ι

259 3354 264 3364 ’
293 3366 425 3429 Deliciis
445 3367 586 3438 omnino,
607 3367 776 3444 quisquam
804 3365 918 3438 nostri,
940 3363 1089 3444 quamvis
1115 3363 1217 3426 tuerit
1236 3363 1321 3425 anti·
1386 3403 1396 3435 .

256 3489 348 3551 quus,
375 3474 434 3535 aut
459 3474 619 3546 infirmus,
635 3471 639 3553 Ι
656 3489 721 3535 non
748 3472 865 3534 utitur.
893 3472 1091 3534 Balnearum
1121 3486 1202 3532 uero
1231 3485 1320 3542 usus,

256 3577 423 3654 prestatur
436 3577 469 3639 in
484 3577 678 3640 necessitate
688 3577 729 3639 ab
739 3577 854 3638 abbate
869 3573 874 3656 Ι
890 3575 944 3638 vel
957 3575 1190 3638 visitatoribus.
1204 3575 1321 3636 Nullus

257 3683 436 3746 monachus
455 3684 562 3762 potest
581 3684 788 3756 manducare,
808 3682 866 3746 aut
881 3681 885 3763 Ι
901 3681 1013 3744 bibere
1033 3681 1105 3744 sine
1130 3681 1182 3743 sui
1204 3680 1322 3758 prioris

257 3774 409 3864 licentia}
429 3791 463 3852 et
482 3790 667 3854 huiusmodi
688 3789 829 3863 licentia,
849 3789 937 3852 haud
958 3789 1021 3850 illis
1038 3786 1042 3870 Ι
1058 3787 1247 3850 conceditur
1264 3801 1323 3866 per

258 3909 390 3968 aunum,
410 3898 461 3958 set
480 3913 539 3974 per
559 3897 643 3960 diem
664 3898 698 3960 et
718 3896 854 3970 horam
875 3896 1008 3976 quodsi
1029 3895 1101 3974 quis
1125 3909 1218 3958 secus
1239 3893 1322 3957 fece·

258 3999 312 4073 rit,
328 3997 334 4082 Ι
350 4001 505 4064 mandens
525 4001 584 4066 aut
604 4002 716 4065 bibens
736 4002 858 4082 absque
878 4002 1019 4075 licentia,
1033 4017 1053 4064 a
1066 4001 1176 4080 priore
1193 4017 1253 4063 suo
1265 4000 1324 4062 mi·

260 4104 346 4169 nime
366 4121 410 4169 ua
424 4103 430 4188 Ι
445 4107 492 4170 let
514 4107 637 4172 absolvi
645 4099 657 4169 ἐ
683 4108 770 4172 enim
798 4109 838 4170 ad
864 4107 1013 4172 abbatem
1040 4108 1241 4174 reservatur.
1262 4105 1324 4174 Qui

295 4360 335 4436 (l)
353 4361 496 4435 Marum,
515 4361 571 4435 IX,
592 4363 644 4434 15;
666 4364 783 4436 Manu,
803 4363 846 4437 ΙΙ,
868 4367 919 4436 19;
940 4365 1030 4437 Luc„
1053 4361 1088 4436 V,
1109 4365 1154 4422 34.
