3642 5510
566 533 756 593 chronicon
776 532 901 594 Montis
926 533 1043 596 oliveti
1315 539 1335 600 9

266 727 416 791 videntes
443 726 713 822 glorificaverunt
732 729 834 791 Deum
856 727 915 809 (1).
935 731 1008 792 Non
1029 730 1078 792 est
1105 729 1236 794 dubium
1256 733 1336 812 quin
1361 753 1512 809 Praesagmm.

267 835 339 914 ipsa
354 831 359 916 Ι
374 833 475 898 fuerit
494 851 650 914 magnum
670 835 857 899 futurorum
877 837 1073 916 presagium.
1095 837 1189 900 Multi
1209 841 1335 920 qnippe,

268 943 307 1004 ut
328 941 438 1021 postea
453 940 458 1024 Ι
474 958 528 1006 res
546 941 697 1018 innotuit,
711 943 808 1006 erant
821 959 881 1023 per
894 943 1028 1007 eandem
1042 945 1147 1007 celum
1158 949 1335 1010 ascensuri.

268 1052 335 1113 Per
354 1049 487 1128 angelos
506 1051 575 1124 Dei,
589 1051 785 1114 adiutorium
803 1049 807 1132 Ι
823 1051 908 1130 quod
929 1069 988 1130 per
1008 1053 1136 1116 eosdem
1157 1055 1274 1118 crebro
1289 1056 1336 1130 fit,

268 1171 337 1218 non
351 1155 529 1234 incongrue
543 1155 644 1233 accipi
663 1153 785 1234 potest:
806 1173 865 1234 per
886 1157 1005 1220 scalam
1028 1174 1117 1247 vero,
1133 1156 1137 1239 l
1154 1159 1222 1222 vite
1243 1160 1336 1223 inno·

305 1473 346 1548 (l)
364 1472 476 1529 Omnes
494 1472 686 1530 conveniunt
704 1472 848 1530 historici
859 1474 959 1530 nostri
972 1474 1009 1531 de
1021 1473 1078 1531 hac
1092 1476 1193 1532 scalae
1205 1477 1335 1536 visione.

269 1562 367 1620 Addit
384 1545 510 1635 iusuper
531 1561 638 1618 Otroo.
662 1560 806 1618 Ooocell-
828 1562 956 1636 «Cujus
974 1569 1078 1621 tamen
1091 1566 1277 1638 mysterium
1292 1586 1338 1626 re-

270 1651 437 1711 velationis
461 1651 551 1708 homo
576 1650 634 1707 Dei
659 1650 854 1726 [Bernartius]
876 1657 952 1708 tune
970 1653 1060 1726 plene
1079 1672 1142 1710 non
1160 1655 1337 1714 intellexit:

271 1742 368 1799 donec
386 1758 440 1814 per
457 1758 490 1798 se
508 1741 605 1813 ipsam
623 1739 731 1813 regina
743 1741 822 1796 coeli
835 1757 873 1796 ex
885 1747 984 1815 parte,
999 1743 1073 1815 quid
1085 1743 1229 1802 videlicet
1252 1747 1339 1804 albae

270 1837 374 1887 vestes
392 1829 612 1903 significarent,
632 1831 664 1884 in
685 1829 851 1886 traditione
870 1830 997 1888 habitus
1016 1834 1211 1904 postmodum
1230 1841 1278 1891 est
1296 1836 1339 1892 di·

270 1924 368 1992 gnata
385 1919 532 1977 revelare.
552 1919 627 1974 Post
638 1924 777 1975 sanctam
791 1923 895 1974 autem
908 1919 992 1976 beati
1004 1921 1101 1992 patris
1114 1921 1337 1996 dormitionem,

270 2009 361 2066 annis
378 2007 487 2065 multis
506 2007 654 2079 decursis,
676 2008 751 2080 quid
762 2015 1025 2081 praemonstratae
1037 2009 1166 2067 visionis
1180 2013 1339 2070 residuum

272 2096 489 2154 declarandum
507 2096 612 2154 fuerat
630 2097 793 2169 (largiente
813 2097 888 2171 Deo)
908 2097 1071 2171 impletum
1089 2099 1240 2156 videmus.
1261 2103 1339 2158 Nam

272 2186 402 2242 mutatis
420 2185 571 2242 secundae
590 2185 748 2256 ecclesiae,
769 2186 805 2242 de
824 2204 887 2259 qua
900 2192 1003 2244 tamen
1015 2187 1099 2244 infra
1112 2189 1242 2264 dicetur,
1258 2191 1339 2248 aedi-

272 2275 361 2347 ficiis,
382 2275 552 2332 oratorium
571 2291 718 2346 magnum
735 2275 825 2331 iuxta
838 2276 924 2332 illam
936 2276 969 2333 in
983 2277 1130 2334 honorem
1143 2285 1269 2336 sanotae
1282 2281 1340 2336 Dei
1446 2322 1448 2326 -

274 2363 439 2422 Genitriois
462 2363 541 2420 miro
566 2380 656 2436 opere
682 2369 907 2436 constructum,
935 2371 967 2422 et
985 2366 1018 2422 in
1036 2367 1220 2425 hodiernum
1240 2386 1340 2441 usque

274 2454 354 2510 diem
365 2453 554 2509 consistente
572 2452 696 2525 ipsimet
712 2453 875 2510 cernimus.
888 2453 951 2510 Ubi
959 2471 1032 2512 vero
1043 2457 1126 2512 scala
1142 2456 1199 2512 illa
1218 2463 1342 2515 ostensa

274 2548 331 2616 est,
357 2541 480 2615 chorus,
503 2542 705 2615 psallentium
724 2543 946 2600 monachorum
965 2543 1119 2618 consistit,
1140 2545 1231 2603 iuxta
1249 2564 1341 2619 quem

274 2633 312 2690 ob
339 2631 544 2690 reverentiam
572 2632 672 2688 sancti
702 2631 863 2690 Michaelis
892 2634 1163 2706 Archangelorum
1193 2635 1341 2708 principis

274 2723 380 2792 altare,
401 2721 485 2778 intra
496 2720 594 2793 ipsam
606 2720 777 2794 ecclesiam,
792 2721 847 2777 ubi
859 2721 925 2795 ipse
935 2723 1048 2780 beatus
1059 2728 1146 2796 pater
1156 2726 1341 2796 genuflexus

273 2809 389 2881 orabat,
410 2815 549 2866 erectum
561 2814 594 2865 et
606 2809 781 2866 dedicatum
793 2811 918 2868 scimus.
934 2812 973 2867 In
986 2831 1047 2884 qua
1059 2809 1198 2884 profecto
1212 2813 1342 2870 ecclesia

273 2899 371 2956 divini
394 2899 502 2954 cultus
521 2898 755 2955 celeberrimum
774 2900 838 2955 Deo
864 2907 895 2956 et
914 2901 1033 2957 coelesti
1052 2901 1156 2958 curiae
1176 2902 1342 2958 exhibetur

275 2988 516 3060 obsequium...
531 3007 557 3042 ».
578 2988 645 3044 Fol.
666 2987 692 3044 5.
707 3019 743 3030 ·-
761 2989 846 3055 Quae
865 2992 967 3046 omnia
979 2990 1116 3047 breviter
1134 2991 1230 3046 refert
1248 2991 1341 3048 etiam

274 3076 407 3133 Michael
420 3077 560 3148 Angelus
569 3075 797 3133 Bonhavertius
806 3081 861 3150 (op.
874 3079 945 3150 eit),
958 3078 1070 3135 addens
1081 3078 1231 3135 visionem
1242 3080 1341 3136 scalae

274 3165 368 3222 etiam
385 3165 640 3238 ‹pronosticasse
660 3171 770 3238 questo
789 3171 897 3223 nostro
917 3167 1030 3240 tempio
1051 3168 1209 3240 maggiore
1222 3169 1278 3224 che
1291 3187 1342 3226 ve·

275 3254 354 3326 dete,
382 3255 457 3311 dove
482 3254 509 3311 si
533 3254 664 3326 celebra,
692 3272 708 3310 e
727 3255 754 3311 si
773 3254 872 3312 officia
889 3255 999 3328 giorno
1020 3274 1036 3312 e
1055 3262 1153 3328 nette,
1174 3257 1289 3330 perche
1311 3258 1342 3314 la

275 3343 359 3400 scala
381 3361 514 3416 apparve
533 3348 650 3416 apunto
670 3343 877 3401 deveheret
897 3344 923 3400 il
941 3345 1035 3401 choro
1056 3345 1106 3402 del
1126 3346 1262 3418 Tempio,
1283 3364 1299 3402 e
1318 3346 1343 3402 il

275 3431 476 3488 sant¹huomo
496 3437 584 3489 stava
601 3432 634 3489 in
652 3433 849 3506 ginocchioni
867 3434 961 3490 dov’d
980 3435 1000 3488 l'
1011 3435 1109 3490 altare
1122 3434 1153 3490 di
1166 3435 1194 3490 S.
1210 3434 1342 3490 Michele

275 3521 374 3577 dietro
393 3541 412 3578 a
429 3521 515 3578 detto
534 3521 637 3592 choro,
657 3507 714 3578 ehe
731 3522 834 3596 percit
853 3523 891 3578 fu'
909 3523 989 3579 fatto
1009 3524 1047 3579 da
1063 3523 1075 3580 i
1094 3524 1193 3580 nostri
1211 3517 1298 3596 padri
1310 3523 1343 3580 in

276 3610 422 3666 memoria
440 3609 471 3666 di
490 3610 732 3683 quell'angelica
751 3611 1001 3685 apparitione...
1017 3631 1042 3668 a.
1064 3613 1154 3679 Quod
1172 3613 1269 3668 altare
1287 3613 1344 3668 Ar-

276 3699 425 3772 changelo
444 3699 590 3756 Michaeli
608 3699 755 3772 dicatum,
777 3701 916 3757 ablatum
935 3705 983 3757 est
999 3720 1017 3756 a
1029 3701 1096 3757 loco
1109 3719 1177 3773 suo,
1192 3719 1272 3757 anno
1286 3701 1342 3756 cir·

277 3788 354 3844 citer
368 3789 447 3859 1620,
467 3793 605 3860 tempore
623 3789 661 3844 D.
676 3789 832 3844 Prothasii
844 3789 881 3845 de
895 3789 1058 3847 Natalibus
1071 3808 1090 3846 a
1103 3789 1251 3861 VenetiiS,
1267 3791 1343 3846 curt

276 3876 393 3934 Vicarii
417 3877 493 3934 Gen.
519 3879 556 3934 D.
584 3878 730 3950 Cypriani
754 3878 848 3948 Pinti,
874 3880 997 3950 quando
1023 3879 1152 3935 eeclesia
1180 3879 1343 3936 abbatialis

276 3966 393 4022 Montis
406 3967 520 4036 Oliveti
532 3967 656 4024 redacta
674 3973 721 4024 est
739 3967 772 4023 in
785 3967 915 4024 formam
928 3969 1114 4041 ampliorem.
1129 3969 1344 4025 Lanoellottus

277 4060 392 4128 noster,
413 4055 468 4128 qui
485 4056 647 4113 historiam
671 4073 759 4113 suam
778 4074 858 4112 anno
877 4057 948 4112 1623
966 4057 1072 4130 edidit,
1093 4057 1166 4114 silet
1183 4057 1220 4114 de
1239 4056 1341 4126 altari,

277 4145 336 4200 hoc
349 4149 473 4201 tantum
486 4145 589 4202 aiens:
606 4166 621 4202 ‹
634 4146 690 4202 ubi
703 4145 785 4202 enim
797 4146 895 4203 scalae
906 4147 1021 4219 species
1035 4147 1101 4204 visa
1111 4151 1168 4218 est,
1180 4147 1225 4203 ibi
1234 4146 1344 4202 odeum

278 4238 491 4290 consecratum
518 4240 600 4291 est»
629 4235 670 4308 (p.
700 4236 739 4309 6)
700 4235 806 4292 scf.
835 4236 982 4309 anozm,
1012 4254 1057 4306 op.
1077 4255 1129 4291 ms.
1150 4237 1260 4308 cit..,p
1289 4235 1341 4306 32,

278 4322 653 4395 D.Gnrto011snl¹r10n1ns,
669 4324 704 4378 Ι)
705 4325 817 4396 Abboyc
829 4328 863 4381 tie
875 4325 971 4381 Moat-
976 4324 1078 4380 Olioet
1081 4325 1209 4397 Majeur,
1224 4323 1342 4394 Sienne,

279 4412 358 4484 1896,
378 4429 427 4485 pp.
449 4413 511 4485 110,
532 4413 595 4486 124,
615 4413 678 4470 137.
