3642 5510
529 544 665 594 1111111
883 535 932 594 De
958 533 1029 596 Vile
1048 533 1078 596 et
1099 535 1240 608 scapus

527 724 657 812 primus
690 731 767 812 post
795 725 941 810 Tulium,
976 727 1142 794 tulianam
1176 727 1402 814 eloquentiam
1434 727 1588 796 imitaris.

526 839 639 926 Igitur
658 841 817 928 quicquid
831 864 891 930 per
912 865 967 908 me
981 843 1133 910 invenies
1148 843 1261 910 minus
1274 843 1490 930 designatum
1506 846 1587 932 (non

524 955 690 1040 erubesco,
702 957 806 1024 immo
820 957 947 1044 glorior
960 958 1002 1024 de
1017 965 1113 1026 tanto
1123 958 1216 1043 filio),
1229 964 1327 1026 tuum
1338 959 1403 1026 erit
1413 959 1584 1046 corrigere,

523 1072 708 1156 emendare,
721 1073 891 1161 ampliare,
907 1094 1035 1158 ornare,
1047 1081 1149 1162 atque
1159 1097 1365 1163 componere,
1378 1075 1458 1162 quia
1468 1075 1583 1142 datum

522 1192 574 1252 est
588 1187 653 1254 tibi
667 1188 809 1276 desuper
824 1189 991 1257 talentum
1006 1195 1123 1256 tantae
1137 1189 1334 1274 nobilitatis,
1350 1189 1446 1274 idest,
1470 1195 1583 1258 tantae

521 1302 688 1388 scientiae,
712 1327 799 1391 quae
821 1305 930 1374 solum
951 1327 1029 1372 cum
1050 1305 1200 1374 moribus
1223 1305 1382 1374 nobilitat
1402 1306 1580 1374 hominem.

520 1418 572 1484 De
587 1441 654 1506 quo
669 1421 783 1486 laudes
800 1420 953 1488 infinitas
975 1421 1081 1490 refero
1095 1423 1247 1490 omnium
1263 1421 1423 1508 Creatori,
1439 1422 1498 1509 qui
1513 1429 1581 1490 tam

519 1534 696 1602 excellenti
706 1535 794 1604 dono
807 1559 920 1604 meum
935 1537 1045 1606 filium
1059 1538 1239 1606 decoravit.
1256 1537 1320 1604 Eia
1334 1559 1425 1624 ergo,
1440 1537 1580 1604 dilectis-

519 1649 611 1734 sime,
635 1650 771 1738 accinge
793 1651 992 1720 fortitudine
1014 1653 1166 1720 animum
1188 1659 1297 1738 tuum,
1321 1659 1449 1720 ettam
1471 1653 1580 1720 nobile

518 1787 602 1852 opus
617 1767 757 1853 aggredi
772 1789 841 1834 non
857 1767 1024 1852 formides,
1036 1769 1205 1836 confidens
1219 1768 1257 1835 in
1269 1768 1413 1836 Domino
1429 1768 1578 1836 omnium

516 1880 682 1947 bonorum
705 1883 869 1968 largitori,
894 1883 954 1971 qui
976 1885 1111 1971 linguas
1133 1883 1320 1950 infantium
1334 1883 1416 1950 facit
1430 1906 1501 1950 esse
1515 1883 1577 1949 dis·
1645 1912 1647 1916 ·

516 2001 630 2081 sertas,
655 1998 744 2085 quod
766 1999 838 2086 ipse
860 2000 953 2066 omni
974 1999 1127 2066 bonitate
1148 2005 1183 2066 et
1208 1999 1434 2066 misericordia
1459 1999 1578 2086 plenus

515 2112 696 2200 largusque
718 2113 756 2180 in
778 2115 984 2199 muneribus,
1008 2137 1077 2181 non
1100 2114 1240 2202 negabit
1262 2114 1328 2180 tibi
1350 2113 1514 2201 quidquid
1536 2115 1577 2180 ad

514 2228 648 2298 laudem
674 2229 728 2296 sui
749 2231 951 2298 sanctissimi
973 2230 1130 2314 nominis,
1154 2230 1291 2317 eiusque
1316 2229 1467 2295 fidelium
1493 2230 1577 2296 salu·

514 2347 584 2409 tem
606 2350 641 2410 et
662 2345 821 2412 meritum
843 2345 1018 2412 humiliter
1039 2345 1271 2434 postulaveris.
1295 2345 1381 2412 Volo
1403 2349 1518 2410 tamen
1540 2343 1593 2442 11-Ι

513 2457 640 2525 bellum
662 2459 774 2546 ipsum
796 2461 899 2526 michi
921 2461 1089 2528 destinare
1115 2483 1185 2528 non
1213 2460 1334 2544 tardes,
1358 2481 1435 2525 cum
1467 2458 1576 2546 opitu·

513 2573 605 2640 lanto
620 2575 861 2662 omnipotentis
876 2577 996 2662 gratia,
1014 2577 1056 2642 ad
1070 2577 1173 2642 finem
1189 2597 1294 2662 usque
1309 2573 1536 2661 compleveris.
1553 2602 1568 2632 »

556 2689 621 2756 XI.
637 2730 682 2740 —
696 2692 879 2778 Hucusque
894 2692 1053 2779 prologus
1068 2713 1127 2758 seu
1141 2690 1282 2778 epistola
1296 2689 1508 2756 dedicatoria.
1521 2688 1573 2754 Se

372 2815 394 2857 ui
419 2817 438 2859 ιῑ
511 2805 628 2892 quitur
641 2807 760 2872 deinde
775 2807 868 2892 liber,
882 2807 938 2873 cui
948 2807 1117 2894 praecedit
1131 2806 1213 2872 haec
1227 2792 1360 2872 rubrica
1382 2804 1511 2870 ‹Liber
1524 2804 1572 2869 in-

510 2920 667 2988 tituletur
681 2923 723 2988 de
733 2923 902 3010 dignitate
915 2921 1062 2989 hominis
1077 2927 1112 2988 et
1133 2922 1174 2987 de
1193 2919 1390 2988 excellentia
1403 2919 1571 3022 humanae

509 3036 600 3102 vitae
615 3067 645 3102 ».
674 3037 795 3139 Bostea
816 3037 937 3125 incipit
962 3059 1034 3103 rem
1055 3053 1155 3124 agere
1176 3037 1302 3102 dicens:
1323 3065 1338 3094 ι
1356 3039 1436 3102 ante
1458 3033 1570 3100 omnia

507 3143 732 3218 enarrandum
760 3159 821 3238 est,
845 3175 948 3240 quare
969 3153 1061 3219 Deus
1086 3151 1166 3218 fecit
1186 3151 1367 3234 hominem,
1397 3155 1432 3216 et
1459 3170 1570 3236 corpo

507 3291 601 3335 reum
623 3276 657 3334 et
679 3269 911 3356 incorporeum
926 3291 957 3352 »3
982 3291 1049 3356 quo
1064 3268 1209 3350 evoluta,
1225 3265 1372 3354 explicat
1396 3293 1411 3324 ι
1427 3263 1509 3351 quid
1524 3263 1568 3329 sit

505 3384 619 3470 imago
640 3389 675 3450 et
698 3383 881 3450 similitudo
907 3383 971 3449 Dei
993 3383 1031 3449 in
1053 3381 1189 3449 homine
1212 3411 1243 3447 ».
1266 3381 1356 3446 Hine
1378 3379 1503 3446 transit
1525 3379 1567 3445 ad

504 3499 708 3585 dignitatem
730 3505 765 3564 et
786 3499 1017 3565 excellentiam
1038 3497 1185 3564 hominis
1212 3496 1432 3579 tractandam,
1455 3494 1566 3564 varias
1680 3587 1682 3592 Ι

504 3614 541 3679 in
556 3613 704 3680 medium
719 3620 912 3681 sanctorum
927 3613 1070 3680 Petrum
1085 3611 1257 3680 referendo
1273 3609 1467 3694 sententias,
1489 3614 1565 3696 post

503 3749 587 3814 quas
609 3729 804 3817 subjungit:
834 3759 849 3788 ι
864 3729 912 3794 Et
934 3727 1090 3816 quamvis
1105 3727 1179 3814 ipsa
1200 3725 1398 3792 excellentia
1419 3723 1565 3792 hominis

503 3843 548 3909 sit
562 3843 869 3931 incomparabiliter
882 3843 1087 3930 prestantior
1108 3841 1247 3908 caeteris
1261 3841 1390 3923 creatis,
1406 3847 1440 3906 et
1455 3837 1564 3925 magis

501 3959 546 4024 sit
567 3959 639 4046 ipse
659 3959 782 4025 habilis
804 3957 982 4024 adhaerere
1004 3979 1103 4026 verae
1124 3955 1327 4023 beatitudini
1341 3960 1375 4020 et
1390 3975 1496 4041 capax
1519 3951 1563 4019 sit

501 4065 653 4141 omnium
681 4073 759 4158 frui,
788 4079 903 4140 tamen
929 4072 1104 4140 duodecim
1130 4075 1232 4138 erunt
1260 4068 1497 4152 beatitudines,
1524 4067 1561 4132 in

500 4189 624 4275 quibus
646 4188 718 4276 ipse
739 4194 832 4254 totus
854 4189 963 4272 homo,
988 4186 1167 4254 transactis
1197 4183 1371 4272 erumpnis
1396 4181 1560 4270 presentis

499 4303 630 4388 saeculi,
654 4309 825 4392 perpetuo,
842 4301 1085 4370 exuberabit».
1110 4300 1183 4380 Quo
1198 4299 1296 4384 facto,
1321 4298 1473 4384 singulas
1488 4317 1561 4363 san·

497 4425 629 4486 ctorum
644 4419 770 4488 civium
787 4417 1011 4485 beatitudines
1025 4416 1195 4482 illustrare
1216 4427 1250 4481 et
1273 4413 1439 4482 elucidare
1453 4409 1558 4494 brevi,
