3642 5510
471 528 547 576 xxn
625 515 799 588 Praefatio
820 519 858 576 ia
880 515 1097 590 Spteileorum
1117 515 1386 578 Moatolieetease

474 709 645 796 analytica
672 709 769 776 nobie
798 709 967 796 sequenda
992 708 1140 792 videtur,
1164 713 1214 793 ut,
1238 709 1403 796 completo
1426 729 1534 796 opere,

474 825 704 911 synthetioum
727 825 893 913 possimus
915 825 1072 912 perfieere
1095 823 1293 890 eedifioium.

517 941 618 1026 Haeo,
641 941 723 1006 dum
744 940 868 1027 impiae
897 939 1109 1026 iniustaeque
1139 940 1331 1006 eonduntur
1353 940 1452 1026 leges,
1484 940 1539 1005 ad·

474 1077 590 1124 versus
612 1055 812 1145 monasticas
835 1055 989 1139 familias,
1014 1061 1048 1120 et
1071 1055 1156 1122 aliae
1178 1055 1353 1142 nequiores
1376 1055 1419 1120 ab
1435 1054 1539 1121 omni·

476 1172 537 1238 bus
559 1172 628 1238 iam
642 1171 883 1259 praevidentur
899 1172 957 1260 (1),
981 1171 1019 1237 ni
1034 1171 1124 1237 Deus
1140 1171 1347 1258 perditorum
1363 1170 1538 1236 hominum

474 1287 573 1354 eorda
606 1287 643 1352 in
673 1287 800 1354 bonum
830 1287 994 1370 deflectat,
1031 1285 1311 1374 Congregationis
1343 1285 1539 1354 Olivetanae

474 1403 630 1469 monaehi
652 1401 789 1488 fervide,
817 1403 947 1490 patriae
974 1403 1076 1469 etiam
1104 1402 1263 1468 historiae
1289 1401 1537 1490 prospieientes,

475 1518 730 1605 aggrediuntur.

519 1634 611 1700 Haeo
633 1656 765 1721 quoque
782 1635 954 1703 monenda
976 1640 1083 1718 erant,
1106 1639 1146 1700 ut
1168 1633 1270 1700 huius
1301 1633 1410 1700 nostri
1439 1631 1540 1719 «Spi-
1640 1635 1643 1638 '

474 1749 586 1836 oilegii
608 1749 898 1817 Montolivetensis
914 1779 928 1808 »
957 1749 1089 1816 utilitas
1111 1749 1305 1836 indolesque
1327 1749 1444 1816 stetim
1469 1769 1539 1836 per-

474 1865 648 1952 ciperetur.
672 1864 825 1949 Utinam,
849 1865 1022 1952 hueusque
1043 1865 1210 1952 plerisque
1232 1865 1403 1931 recondita
1425 1885 1539 1930 monu-

475 1985 599 2068 menta,
615 2002 753 2046 exoussa
775 1981 912 2046 tandem
934 1982 1082 2068 pulvere,
1099 1981 1255 2048 omnibus
1270 1986 1385 2068 patere
1399 1979 1537 2068 possint.

533 2246 691 2308 Florentiae,
708 2261 741 2296 ex
757 2247 872 2296 Abbatia
888 2247 1121 2310 Septimnianensi,
1137 2247 1206 2310 prid.
1222 2247 1283 2296 idus
1299 2246 1374 2308 Julii,
1389 2245 1486 2308 Moru,

677 2328 706 2374 in
722 2327 790 2376 festo
806 2327 951 2376 Patrocinii
967 2327 1010 2376 SS.
1027 2327 1057 2376 P.
1072 2327 1103 2376 N.
1119 2327 1260 2376 Benedicti
1275 2327 1344 2376 Abb.

513 2668 551 2738 (1)
570 2665 679 2722 Sciunt
706 2667 766 2723 iam
791 2685 904 2740 omnes,
931 2685 1018 2740 quas,
1044 2667 1244 2740 perditissimi
1267 2667 1406 2724 homines
1434 2672 1541 2724 eontra

477 2755 643 2810 monachos
655 2755 688 2811 in
701 2755 810 2811 Galliis
824 2755 980 2828 degentes,
997 2757 1202 2828 nequissimas
1217 2757 1349 2812 tulerint
1361 2757 1454 2828 leges.
1471 2757 1540 2829 Ipse

478 2843 571 2900 etiarn
589 2844 733 2900 Summus
752 2844 897 2900 Pontifex
914 2860 1020 2900 vocem
1039 2843 1155 2899 extulit
1173 2843 1288 2898 litteris
1307 2844 1373 2900 suis
1393 2845 1463 2899 «Le
1480 2844 1541 2900 Re·

477 2932 586 3004 ligiose
605 2932 754 3004 Famiglie
774 2953 788 2986 a
811 2936 849 2988 od
873 2933 1044 3004 Superiores
1072 2933 1209 2987 Ordinem
1236 2932 1435 3006 Reqularr'am,
1461 2932 1541 2988 datis

478 3021 526 3076 die
544 3023 579 3076 29
598 3021 688 3078 Junii
707 3023 786 3079 1901.
