3642 5510
493 559 531 622 14
850 557 994 620 Antonii
1012 555 1199 630 Barffettstt

491 755 682 827 stauratum,
709 754 912 833 capellanum
944 753 1056 816 1111110
1085 750 1141 814 Tri
1158 747 1291 832 1111111111
1318 749 1455 814 ecclesie
1473 751 1555 812 Are-

490 861 567 936 tine,
596 861 752 924 mandans
779 861 809 924 ei
840 861 877 923 ut
907 859 1075 924 ordinaret
1101 859 1217 932 locum,
1244 857 1299 920 ubi
1315 858 1320 942 Ι
1336 857 1554 922 construenda

490 1135 523 1190 in
541 1137 666 1190 vetusto
686 1131 833 1190 Archivio
852 1132 1034 1190 Monasterii
1051 1133 1088 1189 de
1107 1133 1230 1190 Accone
1241 1149 1298 1190 sen
1310 1132 1426 1189 Montis
1439 1132 1553 1189 Oliveti

490 1226 663 1292 servantur,
684 1221 838 1278 industria
855 1221 890 1278 B.
911 1221 1058 1279 Bernardi
1071 1221 1231 1278 Tholomei
1250 1221 1552 1277 11110134411111110-

490 1310 583 1366 ritate
600 1309 726 1382 publica
742 1310 839 1366 Bnosi
854 1311 994 1384 Episcopi
1008 1309 1139 1382 Aretini,
1153 1310 1266 1367 eteius
1281 1309 1416 1381 delegati
1429 1309 1553 1366 Vivia'ni

489 1397 640 1468 Senensis,
659 1397 783 1470 plebani
801 1397 829 1453 S.
850 1397 990 1471 Agathae
1009 1399 1045 1456 de
1059 1398 1154 1456 Terra
1167 1398 1292 1454 Asoiani
1306 1398 1506 1471 conscriptae,
1521 1397 1552 1454 id

490 1485 523 1542 in
548 1485 620 1543 aede
644 1485 693 1542 SS.
720 1486 884 1544 Trinitatis
908 1487 1138 1559 flagellatorum
1163 1491 1252 1544 extra
1277 1486 1398 1544 Moenia
1417 1486 1552 1542 civitatis

490 1574 598 1648 posita,
622 1579 782 1647 peractum
806 1573 903 1632 fuisse
922 1575 1025 1632 iurato
1044 1575 1221 1632 testimonio
1240 1575 1338 1648 ipsius
1356 1575 1390 1631 B.
1406 1573 1553 1631 Bernardi

491 1662 631 1734 Abbatis,
651 1669 899 1735 commemorant,
921 1669 952 1720 et
970 1663 1063 1720 etiam
1082 1663 1189 1720 diebus
1208 1664 1324 1722 nostris
1342 1664 1375 1720 in
1388 1664 1492 1719 eadem
1506 1679 1554 1719 eo-

491 1751 585 1808 clesia
603 1751 652 1807 88.
673 1751 835 1808 Trinitatis
854 1753 887 1809 in
904 1751 1070 1826 praecipue
1086 1753 1283 1809 veneratione
1296 1751 1446 1808 habemus
1459 1752 1553 1807 simu·

490 1844 610 1898 lacrum
622 1839 794 1912 piissimum
807 1841 1007 1912 Reparatoris
1019 1840 1118 1896 nostri
1132 1859 1149 1896 a
1162 1857 1254 1896 cruce
1265 1839 1435 1912 pendentis,
1451 1857 1553 1896 coram

491 1947 553 2001 quo
572 1929 743 1984 Monastico
761 1929 887 1984 cucullo
906 1929 1032 1986 indutos
1045 1929 1143 1986 fnisse
1156 1929 1191 1985 B.
1205 1929 1396 1985 Bernardum
1410 1933 1441 1984 et
1453 1927 1553 1984 socios

491 2016 740 2074 constantissima
757 2017 883 2084 traditio
897 2023 953 2074 est.
968 2017 990 2073 J
992 2035 1104 2073 oannes
1116 2017 1215 2089 igitur
1228 2016 1470 2073 Camaldulsnsis
1482 2015 1553 2088 Epi·

490 2105 575 2177 scopi
599 2104 749 2161 (inidonis
773 2103 935 2177 delegatus
959 2107 993 2161 in
1018 2106 1152 2161 oratorio
1177 2105 1379 2176 Xenodochii,
1405 2105 1485 2177 qnod
1504 2108 1554 2158 est

490 2193 549 2248 sub
567 2209 644 2248 cura
662 2199 694 2247 et
711 2192 860 2264 regimine
879 2193 1122 2265 disciplinatium
1140 2193 1253 2249 nobilis
1266 2191 1404 2249 sodalitii
1416 2192 1553 2249 eiusdem

491 2279 632 2351 nominis,
653 2285 685 2336 et
703 2280 742 2336 ad
760 2281 842 2352 quod
860 2281 1058 2350 humilitatis,
1078 2287 1111 2337 et
1128 2281 1288 2353 religionis
1306 2281 1411 2337 studio
1424 2281 1554 2336 diverte·

490 2373 561 2424 rant
580 2367 778 2439 Tholomens,
793 2369 955 2438 Patricius,
976 2375 1008 2426 et
1020 2371 1275 2442 Piccolominens,
1289 2386 1342 2426 eos
1355 2368 1490 2425 candidis
1502 2385 1553 2422 ve-

490 2455 592 2512 stibus
610 2456 649 2512 ad
666 2456 903 2528 gloriosissimae
923 2457 1058 2530 Virginis
1077 2459 1226 2530 placitum
1239 2457 1411 2528 exornavit,
1423 2456 1552 2528 jubente

491 2544 641 2616 episcopo.
668 2550 758 2600 etc.»
783 2546 843 2617 (Ea
868 2545 1008 2601 Chronico
1032 2547 1172 2602 Eccleaace
1192 2547 1329 2602 Arctioae
1353 2546 1553 2615 conscriptae

490 2633 674 2688 Bnrenntcro
687 2633 894 2708 Γ11001111111,
909 2635 1046 2692 eiusdem
1059 2635 1205 2692 ecclesiae
1218 2634 1369 2708 episcopo,
1381 2633 1550 2703 1111101710,

415 2751 417 2756 ·
490 2721 523 2777 in
541 2721 604 2777 vol.
625 2720 679 2788 Π·,
695 2739 774 2777 anno
787 2723 878 2795 1319).

526 2807 665 2864 Addebat
689 2809 816 2883 insuper
839 2811 885 2868 01.
911 2811 1147 2890 Gamnrrinius:
1169 2813 1242 2868 ‹La
1261 2812 1370 2868 chiesa
1388 2810 1436 2868 dei
1455 2809 1552 2865 Disci-

491 2897 602 2970 plinati
620 2897 701 2952 della
718 2897 767 2953 88.
789 2899 910 2956 Trinitt
928 2906 1050 2958 restava
1068 2901 1166 2957 allora
1177 2917 1283 2974 presso
1296 2900 1327 2956 la
1340 2898 1461 2956 cerchia
1472 2897 1552 2953 delle

490 3001 580 3041 mura
602 2985 634 3042 di
658 2986 783 3058 Aretzo,
811 2989 841 3043 al
865 2995 958 3061 ponte
983 2989 1068 3045 detto
1093 2991 1164 3045 delle
1193 2989 1362 3060 Gopticrde,
1388 2988 1439 3044 sul
1458 2987 1551 3042 finme

490 3075 615 3145 Oestro;
636 3074 714 3131 dove
731 3093 816 3132 sorse
835 3077 858 3132 11
876 3095 982 3150 presso
1001 3078 1024 3133 il
1043 3083 1195 3134 convento
1214 3077 1246 3133 di
1264 3077 1293 3132 S.
1315 3077 1437 3134 Ginsto.
1452 3074 1506 3130 Poi
1520 3075 1551 3130 la
1670 3137 1678 3149 ‚

489 3161 669 3234 compagnia
692 3163 729 3219 i'u
753 3166 911 3222 trasferita
934 3167 1017 3224 nella
1041 3167 1151 3224 chiesa
1175 3167 1232 3223 che
1251 3183 1364 3222 ancora
1381 3165 1409 3222 si
1426 3163 1550 3220 nomina

451 3299 454 3304 .
489 3250 571 3306 della
588 3250 637 3306 SS.
659 3251 787 3323 Trinitt,
808 3255 892 3310 nella
910 3256 1002 3326 quale
1020 3257 1152 3312 eussiste
1171 3255 1195 3311 il
1213 3254 1373 3312 Orociflsso
1387 3251 1509 3310 dinanzi
1521 3251 1552 3307 al

490 3339 581 3410 quale
599 3340 754 3396 Bernardo
774 3341 911 3399 Tolomei
924 3361 1051 3401 assume
1064 3344 1084 3400 l'
1094 3344 1177 3400 abito
1190 3361 1207 3400 e
1219 3343 1357 3416 profesed
1370 3342 1381 3397 i
1393 3341 1460 3398 voti
1472 3340 1552 3396 della

489 3428 739 3500 nuovaRegola.
753 3459 790 3472 —
807 3430 844 3488 G.
864 3433 900 3487 F.
920 3433 1108 3489 Gamnrrini.
1125 3453 1140 3486 a

525 3516 615 3572 Nunc
639 3533 713 3572 vero
736 3520 853 3590 gratias
878 3539 970 3592 qnam
994 3521 1144 3594 plurimas
1169 3521 1207 3576 cl.
1234 3520 1300 3578 viro
1319 3523 1415 3592 agant
1434 3533 1547 3588 omnes,

490 3605 623 3674 qnorum
646 3605 778 3662 interest
801 3607 875 3664 haee
900 3609 1023 3666 tandem
1045 3609 1208 3682 aliquando
1227 3608 1343 3664 clarius
1361 3605 1549 3680 apparuisse.

489 3691 548 3748 Sed
572 3692 796 3751 animadvertat
820 3697 926 3767 lector,
952 3698 1042 3770 qnod,
1062 3699 1095 3754 ni
1114 3698 1216 3768 fallor,
1236 3697 1407 3770 Episcopus
1425 3696 1552 3751 Falcon-

489 3778 591 3834 cinius
609 3797 681 3850 prae
701 3783 842 3840 manibus
865 3787 1029 3842 Historiam
1059 3788 1235 3842 Olivetanam
1259 3784 1389 3840 Abbatis
1412 3785 1551 3840 8111111101

489 3867 713 3926 Lascnttorrr
731 3871 890 3944 (Veneriis,
911 3875 989 3946 1623,
1003 3875 1028 3945 I,
1042 3893 1071 3947 p.
1087 3876 1190 3948 13,14)
1210 3874 1284 3930 dum
1303 3873 1451 3929 scriberet
1465 3871 1551 3925 Otro-

488 3960 582 4031 m'coa,
616 3956 735 4029 habuit,
761 3979 799 4016 ne
824 3963 965 4036 episcopo
985 3965 1112 4020 Aretino
1141 3962 1356 4020 adscribantur
1383 3977 1462 4033 quae
1487 3960 1551 4032 jain

488 4051 654 4124 scripserat
672 4051 774 4106 Abbas
792 4051 982 4116 Olivetanus.
1339 4052 1409 4122 1ῖῇζῆ

523 4140 545 4195 J
547 4156 659 4196 oannes
677 4139 741 4210 ille,
763 4139 825 4212 qui,
846 4142 968 4196 nomine
987 4141 1121 4214 episcopi
1139 4140 1262 4196 Aretini
1280 4139 1431 4196 Gnidonis
1444 4139 1480 4194 de
1493 4137 1549 4192 Pe·

488 4229 626 4298 tramala,
644 4232 770 4300 patrum
788 4233 966 4284 nostrornm
987 4229 1207 4286 dedicationem
1226 4229 1353 4301 accepit,
1373 4245 1453 4284 anno
1468 4227 1549 4295 1319,

486 4317 519 4373 in
538 4317 704 4390 episcopali
723 4316 898 4388 diplomate,
913 4317 949 4374 de
962 4318 1019 4374 hac
1033 4337 1065 4376 re
1078 4318 1220 4374 confecto
1233 4336 1288 4390 per
1299 4317 1456 4373 notarium
1469 4316 1551 4372 Gua-

488 4405 622 4478 dagnum
632 4405 785 4479 qnondam
795 4423 844 4462 ser
855 4405 971 4463 Ginnte
981 4406 1124 4480 (Repirtro
1138 4407 1224 4479 otia,
1235 4407 1261 4478 Ι,
1273 4406 1338 4463 doc.
1350 4407 1375 4477 1,
1386 4407 1424 4482 6),
1435 4404 1551 4460 dicitur
