3646 5520
505 531 546 592 78
948 525 1127 599 Annectitur

504 723 670 798 tieoliveti,
683 722 768 804 quod
786 721 893 787 abbati
913 720 1061 800 generali
1081 720 1224 786 eiusdem
1237 717 1359 784 ordinis
1373 717 1427 782 vel
1440 717 1511 782 eine
1523 717 1572 782 ri·

504 831 595 896 cario
604 829 761 910 generali,
771 829 827 910 qui
841 831 1010 892 consuevit
1023 843 1094 892 esse
1108 827 1198 906 prior
1212 825 1398 906 principalis
1413 825 1572 888 monaste

505 937 557 1012 rii,
571 937 693 1000 ordinis
708 933 868 1016 prelibati,
882 951 941 1015 pro
954 934 1102 1014 tempore
1114 931 1339 1004 existentibus,
1351 929 1356 1012 l
1369 931 1573 994 associentur

505 1060 566 1108 sex
585 1043 700 1122 ydonei
727 1041 849 1106 tratres
874 1041 992 1120 prelati
1011 1039 1144 1114 ordinis,
1165 1040 1221 1119 qui
1241 1039 1428 1102 visitatores
1448 1053 1572 1100 nuncu·

502 1149 632 1230 portur,
646 1153 680 1214 et
700 1148 832 1212 valeant
853 1147 1068 1226 personaliter
1087 1146 1233 1220 visitare,
1247 1146 1282 1208 et
1294 1145 1361 1208 sint
1374 1144 1502 1224 priores
1522 1143 1573 1206 do

505 1272 632 1320 morum
652 1270 710 1318 seu
730 1253 1011 1326 monasteriorum,
1031 1253 1066 1315 in
1086 1253 1201 1332 quibus
1221 1252 1261 1314 ad
1282 1251 1354 1330 plus
1371 1249 1375 1332 Ι
1391 1250 1481 1314 stent
1499 1266 1572 1312 con·

505 1359 706 1426 ventualiter
719 1360 792 1424 octo
806 1360 937 1434 iratres,
948 1375 1028 1440 quos
1042 1375 1100 1438 pro
1113 1360 1177 1422 lsta
1187 1359 1260 1422 vioe
1271 1357 1399 1420 tantum
1413 1355 1572 1435 eligimus,

507 1467 541 1530 et
555 1467 768 1541 nominamus,
779 1483 818 1530 ac
830 1465 1030 1546 deputamus,
1040 1465 1074 1529 et
1087 1465 1120 1528 in
1136 1464 1321 1528 visitatores
1333 1467 1367 1526 et
1380 1463 1484 1526 socios
1496 1463 1573 1526 dicti

506 1573 614 1636 abbati
629 1572 824 1652 preficimus,
837 1588 975 1652 quorum
989 1573 1122 1634 nomina
1136 1569 1141 1652 Ι
1157 1572 1234 1634 sunt
1247 1571 1319 1643 hec,
1333 1570 1494 1642 videlicet,
1508 1569 1570 1632 ira·

453 1693 457 1700 ·
480 1683 484 1687 ’
507 1681 561 1743 ter
573 1679 757 1743 ieronimus
771 1679 811 1742 de
827 1680 972 1752 Perusio,
986 1677 1091 1741 irater
1110 1677 1263 1740 Nicotaus
1282 1677 1323 1740 de
1342 1677 1455 1756 Regio,
1469 1676 1573 1739 irater
1637 1663 1643 1670 ’

508 1771 758 1848 Bartholomeus
777 1785 817 1848 de
837 1785 981 1859 Mantua,
996 1783 1100 1846 trater
1113 1783 1231 1846 Petrus
1251 1783 1291 1846 de
1310 1783 1454 1861 Neapoli,
1468 1781 1573 1846 frater

506 1891 653 1970 Baptista
672 1891 712 1954 de
725 1890 944 1963 Podiobonixi‚
961 1889 965 1970 Ι
983 1891 1017 1952 et
1038 1889 1142 1954 trater
1162 1888 1356 1954 Benedictus
1370 1889 1408 1952 de
1421 1889 1572 1968 Yspania.

507 1999 553 2060 Da
566 2013 704 2076 quorum
724 1996 859 2060 oonsilio
872 1998 906 2060 et
920 2011 1090 2069 consensu,
1104 1997 1157 2060 vel
1173 1995 1303 2058 maioris
1323 1996 1427 2074 partis
1447 2011 1574 2068 eorum,

506 2119 546 2166 ac
572 2103 741 2166 voluntate
767 2117 933 2180 expressa,
962 2103 1115 2166 teneatur
1145 2101 1251 2164 dictim
1276 2102 1374 2164 abbas
1400 2102 1434 2164 et
1459 2103 1575 2164 debeat

507 2209 669 2282 ordinare,
682 2208 801 2282 tacere,
815 2208 886 2272 sive
901 2207 905 2290 Ι
921 2209 1101 2286 disponere,
1115 2207 1294 2282 absolvere,
1308 2207 1491 2282 instituere,
1505 2207 1576 2272 sive

508 2315 705 2394 permutare,
724 2316 794 2378 tam
818 2314 853 2376 in
873 2314 987 2388 totum,
1008 2331 1105 2394 quam
1125 2315 1160 2376 in
1181 2315 1284 2393 parte,
1304 2315 1400 2378 annis
1426 2313 1575 2393 singulis,

508 2421 542 2482 in
555 2421 696 2500 capitulo
709 2420 867 2500 generali,
877 2423 935 2484 aut
949 2422 1216 2500 quandocumque
1229 2421 1450 2486 necessarium
1464 2421 1576 2494 fucrit,

508 2542 620 2590 omues
640 2528 674 2612 et
694 2527 838 2606 singulos
857 2527 993 2606 priores,
1006 2542 1066 2606 pre
1081 2525 1086 2608 Ι
1102 2526 1248 2606 latosque
1267 2526 1301 2589 et
1321 2527 1401 2590 alios
1422 2527 1575 2590 officiales

508 2633 542 2695 et
555 2633 694 2696 familias
714 2633 868 2708 omnium,
881 2634 916 2696 et
929 2633 1142 2712 singulorum,
1157 2650 1196 2696 ao
1209 2649 1486 2712 quorumcumque
1499 2649 1576 2696 con-

494 2739 676 2811 ventuum,
696 2739 730 2800 et
749 2739 1022 2802 monasteriorum
1036 2739 1159 2802 ordinis
1174 2739 1319 2818 predicti,
1333 2755 1512 2818 eorumque
1526 2739 1577 2800 vi-

510 2843 677 2908 sitationes
698 2844 815 2918 lacere,
836 2845 869 2908 et
890 2845 1086 2908 distribuere
1109 2845 1269 2924 quotiens,
1285 2844 1289 2926 Ι
1306 2846 1340 2908 et
1359 2845 1576 2924 quandocum-

509 2965 572 3028 que
592 2950 639 3012 eie
664 2951 884 3014 necessarium
911 2951 983 3016 tore
1008 2951 1180 3025 videbitur,
1200 2951 1267 3016 tam
1288 2952 1323 3014 in
1346 2950 1451 3014 totum
1478 2968 1575 3030 quam

509 3055 544 3116 in
565 3055 700 3133 partem,
718 3058 937 3120 conventuum
958 3058 992 3120 et
1012 3073 1225 3136 personarum
1246 3058 1390 3120 omnium
1410 3059 1444 3120 et
1464 3059 1575 3137 singu-

508 3161 615 3224 lorum
640 3177 679 3224 ac
705 3163 814 3225 omnia
833 3163 1016 3254 ettsingula
1040 3165 1162 3227 etatum
1187 3163 1310 3226 ordinis
1338 3163 1574 3242 quomodolibet

510 3266 648 3348 concert
665 3268 787 3341 nentia,
806 3269 875 3332 tam
895 3270 928 3332 in
950 3271 1055 3332 totum
1075 3286 1172 3349 quam
1194 3271 1229 3332 in
1249 3270 1385 3348 partem,
1400 3271 1433 3332 et
1453 3287 1493 3332 ea
1512 3287 1575 3349 que

511 3375 771 3450 proponerentur
784 3375 820 3437 in
832 3375 974 3453 capitulo
987 3377 1144 3454 generali,
1158 3375 1215 3438 aut
1235 3377 1317 3440 alias
1330 3377 1575 3454 quomodocum-

510 3493 574 3557 que
598 3479 778 3554 evenerint,
799 3481 896 3544 simili
923 3482 1068 3548 modoet
1095 3482 1200 3544 torma
1226 3481 1382 3556 tractare,
1410 3485 1444 3546 et
1471 3481 1576 3546 deter-

512 3583 649 3657 minare,
668 3601 708 3648 ac
727 3586 834 3650 debite
849 3585 854 3667 l
870 3588 1056 3651 executioni
1077 3589 1240 3652 mandare.
1330 3599 1343 3614 ²
1469 3643 1482 3666 ,

552 3691 643 3764 Item,
662 3707 724 3754 nec
743 3692 853 3756 valeat
871 3695 992 3773 absque
1012 3709 1172 3758 consensu
1192 3695 1324 3758 maioris
1337 3695 1440 3773 partis
1453 3696 1577 3773 predio-

511 3796 620 3858 torum
650 3813 718 3870 sex,
752 3814 850 3877 super
882 3801 1165 3864 constitutionibus
1198 3801 1321 3864 ordinis
1354 3801 1483 3880 prefati,
1517 3817 1578 3865 neo

512 3915 612 3978 super
632 3903 723 3980 penis
743 3905 777 3966 et
797 3905 983 3983 penitentiis
1007 3906 1208 3984 publicorum
1234 3907 1436 3981 delictorum,
1452 3905 1456 3988 Ι
1472 3923 1511 3970 ac
1534 3908 1578 3970 ir·

512 4007 780 4086 regularitatibus
800 4011 834 4074 et
854 4011 1111 4074 inhabilitatibus
1127 4013 1209 4086 aliis,
1223 4028 1297 4076 cum
1317 4012 1577 4092 delinquentibus

513 4112 709 4191 dispensare.
724 4119 869 4195 Insuper,
883 4133 945 4180 nec
964 4118 1047 4182 bona
1068 4119 1185 4198 prelati
1200 4119 1332 4192 ordinis,
1346 4121 1403 4182 aut
1424 4121 1578 4198 pecunias

512 4216 717 4294 distribuere,
736 4237 798 4286 nec
817 4223 898 4286 alias
917 4224 1125 4304 preterquam
1139 4225 1179 4286 ad
1196 4225 1327 4288 bursam
1344 4223 1348 4306 Ι
1365 4241 1577 4299 communem,

513 4339 572 4388 seu
601 4326 712 4390 aedem
743 4344 869 4392 sacram
898 4330 1098 4394 clandestine
1127 4345 1338 4410 congregare.
1359 4331 1420 4394 Sed
1451 4316 1490 4394 in'
1512 4331 1577 4394 biis
