3594 5576
390 521 546 571 carorum
570 506 678 572 nann’
693 525 834 573 canum
859 527 898 572 nr
922 527 1186 578 uouronrvnro
1312 518 1374 576 117

202 811 204 814 ,
276 741 415 800 Intoruo
439 741 470 800 al
496 743 592 820 1340,
616 759 635 802 e
658 742 745 804 forse
768 745 907 819 qualche
930 763 1016 806 anno
1040 747 1156 825 prima,
1179 747 1275 806 finon
1292 747 1377 808 chia-

210 847 291 907 mati
321 847 332 906 i
362 848 490 908 monaci
521 848 681 909 olivetani
712 850 755 910 ad
784 851 913 911 abitare
944 853 996 912 uel
1027 853 1173 913 clriostro
1208 854 1241 914 di
1275 854 1379 914 Senta

210 953 317 1014 Maria
342 973 360 1013 «
378 955 412 1014 in
435 955 597 1015 Domnica
613 973 630 1013 »
649 956 683 1015 di
700 958 814 1034 Roma,
833 958 928 1018 detta
943 959 1000 1034 piu
1017 959 1115 1036 tardi,
1140 961 1245 1020 Senta
1272 961 1379 1020 Mario

210 1061 297 1120 della
331 1061 513 1122 Navicella.
545 1062 602 1122 Mn
632 1063 682 1122 sia
713 1063 831 1138 perche
854 1065 864 1122 i
889 1065 1013 1124 rumori
1037 1066 1124 1126 della
1147 1068 1272 1142 grande
1295 1067 1379 1127 citta

210 1184 274 1227 non
299 1185 399 1228 erano
422 1168 634 1230 convenienti
658 1169 725 1228 alla
748 1171 951 1245 professione
975 1173 1159 1233 monastica
1181 1174 1214 1233 di
1239 1174 1313 1250 quei
1331 1191 1378 1233 re·

210 1273 332 1354 ligiosi,
350 1293 369 1334 o
386 1275 505 1351 perche
520 1293 586 1336 nou
603 1279 773 1351 potessero
790 1277 824 1336 in
841 1278 948 1338 realta
960 1279 1109 1340 menarvi
1134 1281 1379 1340 comodamente

209 1399 276 1441 una
299 1382 372 1442 vita
394 1382 543 1457 regolare
566 1383 606 1443 ed
630 1387 834 1464 osservante,
859 1385 945 1460 dopo
968 1385 1078 1446 alcuni
1103 1386 1377 1466 anui,ne11352,

209 1489 486 1549 abbandonarono
509 1490 542 1550 la
564 1489 716 1550 diaconia
735 1491 788 1550 del
815 1510 833 1548 «
849 1495 951 1567 caput
973 1493 1075 1552 africe
1092 1511 1108 1550 »
1135 1510 1153 1553 e
1177 1495 1205 1553 si
1222 1511 1378 1555 recarouo

209 1612 229 1654 a
252 1595 284 1655 S.
311 1597 418 1656 Maria
441 1597 570 1671 Nuova,
588 1597 639 1656 sul
653 1597 724 1656 foro
747 1615 893 1676 romano,
918 1599 1004 1660 dove
1028 1603 1208 1660 trovurono
1232 1601 1288 1676 pib
1306 1601 1378 1662 soli-

210 1701 325 1762 tudine
347 1720 365 1762 e
389 1702 520 1778 miglior
544 1703 620 1778 agio
643 1703 677 1763 di
694 1704 821 1764 servire
844 1722 864 1764 a
889 1705 954 1764 Dio
977 1705 1024 1784 ().

204 2021 299 2073 sancti
320 2019 444 2091 Nicolay
463 2020 618 2074 humiliter
638 2027 670 2073 et
688 2020 796 2076 devote
817 2026 991 2091 susceptum
1014 2038 1067 2091 per
1086 2038 1145 2088 eos,
1171 2029 1382 2093 augmentave·

204 2111 267 2162 rint
278 2115 310 2162 et
320 2116 525 2180 augmentant,
537 2115 567 2163 et
580 2109 704 2164 cottidie
714 2112 908 2164 construendo
918 2112 1019 2165 domos
1031 2115 1058 2164 el
1070 2112 1218 2166 occurram
1233 2111 1265 2166 in
1279 2112 1381 2168 'melius

203 2199 338 2267 aupurdo
356 2203 384 2252 et
401 2201 603 2264 construendo,
622 2199 664 2254 ita
683 2201 762 2270 quod
780 2202 888 2254 multos
914 2199 1051 2254 denarios
1075 2200 1269 2270 eocpeuderint
1286 2205 1312 2255 ct
1330 2206 1384 2256 cot·

205 2283 274 2338 tidie
301 2285 481 2355 suspendunt,
506 2283 543 2338 ad
572 2303 629 2355 que
660 2290 745 2338 teuta
773 2285 917 2338 resistere
946 2302 1005 2338 non
1025 2285 1171 2354 valerent,
1197 2303 1252 2338 nec
1273 2286 1383 2355 volent,

203 2391 270 2428 cum
285 2389 433 2444 pauperes
450 2373 520 2440 sint,
538 2375 598 2428 nisi
617 2375 781 2445 peripsum
800 2373 920 2427 domum
939 2375 1107 2446 episcopum
1127 2375 1211 2446 larga
1231 2392 1320 2429 manu
1339 2393 1383 2430 ca-

203 2465 329 2518 ritativa
353 2465 510 2518 elimosina
539 2465 731 2535 preberetur:
763 2465 982 2536 acteudensqne
1014 2467 1136 2537 insuper
1164 2465 1243 2537 quod
1271 2467 1384 2522 dictum

203 2555 419 2607 monasterium
438 2554 535 2607 sancti
554 2553 679 2625 Nicolay
699 2554 782 2623 bene,
800 2555 831 2608 iu
850 2553 971 2608 modum
991 2556 1174 2622 monasterii,
1194 2561 1286 2625 prout
1304 2573 1383 2610 nunc

203 2643 294 2696 habet
312 2645 416 2710 uetari,
435 2650 467 2696 et
486 2643 619 2697 ordinari
638 2662 699 2698 non
718 2650 820 2716 posset
839 2662 907 2698 cum
927 2651 1027 2698 ortum
1047 2646 1130 2698 sitin
1145 2646 1217 2712 solo,
1236 2651 1272 2698 ut
1291 2645 1384 2715 predi·

203 2738 285 2785 ctum
304 2749 380 2802 opus
398 2733 441 2786 sic
460 2732 518 2785 rite
538 2733 689 2802 inceptum
708 2733 743 2786 ad
764 2733 855 2788 finem
873 2733 1051 2787 laudabilem
1071 2733 1269 2804 perducatur:
1290 2733 1384 2787 cousi·

203 2821 369 2892 deransque
389 2821 481 2874 etiam
500 2833 531 2874 et
550 2821 712 2876 actendeus
731 2821 809 2892 quod
828 2824 914 2876 iuxta
933 2823 1044 2876 dictam
1063 2824 1221 2876 ecclesiam
1241 2827 1273 2876 et
1292 2839 1382 2892 prope

202 2912 300 2980 ipsum
320 2911 416 2964 locum
436 2916 506 2964 suut
526 2909 654 2981 quedam
673 2911 851 2965 domuncnle
881 2918 912 2965 et
940 2917 1030 2980 corte,
1061 2917 1210 2981 quatenus
1238 2911 1293 2964 soli
1319 2913 1382 2965 sive

202 3001 324 3066 terreni,
343 3015 401 3069 que
421 3001 575 3068 pertinent
594 3009 625 3053 et
646 3007 807 3070 expectant
836 3000 873 3054 ad
902 3001 1001 3070 ipsum
1030 2999 1143 3054 dictum
1163 3001 1333 3070 episcopum
1352 3011 1384 3052 et

203 3091 414 3159 episcopatum,
434 3105 491 3158 que
505 3089 681 3142 domuncula
694 3097 725 3142 et
739 3089 815 3144 dicte
831 3090 940 3158 (Corte)
956 3095 1105 3160 quatenus
1124 3089 1180 3144 soli
1194 3095 1266 3143 sunt
1276 3089 1383 3143 modici

204 3178 315 3231 valoris
335 3186 366 3230 et
384 3177 493 3230 modici
511 3177 636 3246 fructus,
656 3184 688 3231 et
701 3178 737 3232 de
750 3180 824 3250 ipsis
844 3179 943 3232 dictus
963 3179 1090 3232 domnus
1110 3180 1265 3249 episcopus
1284 3187 1315 3232 et
1328 3180 1386 3249 epi-

203 3272 343 3338 scopatus
362 3266 510 3321 modicum
529 3265 661 3321 fructum
681 3269 772 3322 immo
792 3271 877 3340 quasi
898 3269 989 3322 nichil
1009 3270 1143 3339 percipit,
1164 3275 1196 3322 et
1223 3271 1292 3339 quia
1312 3271 1384 3322 mul·

204 3361 269 3408 tum
281 3357 448 3410 necessarie
462 3363 533 3410 sunt
553 3357 640 3410 dictis
659 3355 813 3426 fratribus,
832 3359 876 3412 ita
895 3357 974 3428 quod
994 3359 1058 3411 sine
1078 3359 1150 3427 ipsis
1170 3359 1252 3413 locus
1271 3360 1334 3430 ipse
1354 3367 1385 3412 et

203 3446 333 3500 habitari
353 3445 425 3500 ordo
445 3463 503 3499 non
522 3448 647 3516 possit.»
673 3479 706 3488 -
726 3447 802 3502 dona
822 3449 898 3504 iuter
916 3448 996 3504 vivos
1017 3447 1151 3502 «domno
1170 3448 1384 3503 Francischino

203 3535 356 3589 Binduocii
375 3535 411 3588 de
431 3534 642 3590 Trecoazano»
668 3538 755 3592 abate
775 3538 804 3592 di
825 3538 1023 3593 Montolireto
1042 3571 1076 3578 —
1108 3555 1225 3592 «unum
1245 3540 1382 3607 casalem,

202 3627 332 3696 positum
351 3627 382 3678 in
402 3627 545 3680 societate
565 3629 773 3697 cippiscorum,
792 3630 878 3682 iuxta
899 3629 978 3681 viam
1002 3645 1019 3681 u
1039 3627 1153 3682 dnobus
1173 3627 1327 3693 lateribus,
1354 3636 1385 3680 et

202 3729 321 3767 murum
340 3721 475 3768 veterem
494 3717 636 3785 civitella,
656 3723 687 3770 et
709 3718 795 3770 iuxta
814 3733 863 3772 res
883 3717 961 3770 dicte
990 3719 1113 3771 ecclesie
1142 3719 1238 3771 sancti
1258 3717 1383 3788 Nicolay

204 3811 235 3856 et
253 3819 302 3858 res
320 3805 443 3858 ecclesia
463 3811 564 3858 sancto
585 3805 680 3860 Moris
701 3808 772 3860 t'oris
793 3813 918 3876 portam,
947 3813 978 3860 et
1009 3809 1108 3860 resin
1128 3809 1214 3878 vigili
1234 3824 1332 3878 synu3
1355 3838 1384 3845 —

202 3910 288 3947 omne
307 3894 477 3948 casulanum
497 3901 527 3948 et
547 3902 647 3949 ortum
666 3903 698 3950 et
716 3897 892 3966 claustrum,
908 3913 966 3967 que
978 3898 1184 3968 reperirentur
1203 3899 1233 3950 iu
1254 3899 1382 3951 circuitu

202 3982 279 4036 dicte
299 3983 423 4036 ecclesie
442 3987 538 4037 sancti
558 3985 691 4056 Nicolay,
711 3992 882 4056 spectantes
903 3994 934 4038 et
955 3987 1140 4056 pertinentes
1167 3986 1204 4039 ad
1224 3985 1336 4039 dictum
1357 4003 1383 4038 e·

202 4073 397 4142 piscopatum,
417 4089 470 4142 pro
498 4073 647 4129 elimosina
668 4079 695 4130 et
713 4075 824 4130 intuitu
840 4075 961 4145 pietatis
979 4080 1006 4130 et
1024 4075 1228 4140 inisericordie,
1257 4074 1293 4128 ad
1321 4075 1383 4140 hoo,

202 4169 237 4214 ut
255 4161 327 4214 dicti
346 4161 437 4216 abbas
456 4167 487 4215 et
509 4162 621 4218 fratres
650 4165 766 4234 possint
794 4164 905 4218 dictam
934 4165 1089 4218 ecclesiam
1117 4172 1148 4218 et
1174 4164 1301 4230 domum,
1331 4181 1384 4234 pro

201 4251 386 4306 habitatione
415 4251 544 4307 fratrum
570 4272 673 4308 eorum
702 4254 823 4323 ordinis,
853 4262 1037 4320 construere,
1068 4253 1206 4308 ordinare
1232 4259 1264 4308 et
1283 4253 1384 4308 hedifi-

202 4357 309 4394 care».

272 4429 602 4502 (¹)Gfr.Srrcmun1uu
623 4435 804 4503 Mouronrv,
824 4436 846 4504 1,
866 4435 909 4502 32,
928 4436 980 4497 34:
1003 4435 1211 4502 Macrianum,
1233 4435 1327 4489 Roma
1342 4451 1380 4488 erc

199 4520 314 4575 ethnica
337 4525 437 4588 Sacro,
457 4541 483 4594 p.
502 4523 571 4591 2133
594 4525 623 4578 P.
644 4525 808 4592 Auruonrl,
838 4527 932 4582 Roma
950 4527 1073 4580 oelt'eld
1093 4523 1127 4579 di
1146 4541 1244 4590 orezzo,
1277 4523 1379 4591 Roma,

204 4609 307 4676 Becco,
330 4611 407 4678 1881,
428 4613 486 4668 vol.
506 4613 529 4680 I,
550 4633 576 4684 p.
596 4614 658 4668 351.
