3646 5520
672 525 852 614 amasco
1253 542 1293 600 vv

220 731 335 796 divina
354 733 559 812 providentia
577 749 660 814 pape
679 734 795 814 quinti,
815 733 961 807 deducto,
982 734 1076 812 quod,
1093 735 1291 812 procurante

221 839 359 918 aanuo
373 839 508 904 humani
521 841 653 920 generis
667 841 807 914 inimico,
821 840 980 913 videlicet,
997 838 1001 920 Ι
1018 840 1096 902 ordo
1117 840 1290 918 prodictus,

221 944 339 1008 circha
357 946 497 1019 divorsa,
511 963 573 1026 que
586 948 713 1026 agenda
733 945 933 1019 incumbunt,
947 963 968 1008 a
983 945 1178 1009 rectitudine
1191 947 1289 1024 prisci

220 1051 345 1130 rigoris
365 1052 399 1113 et
418 1053 548 1131 patrum
569 1054 778 1131 antiquorum
798 1053 1034 1125 traditionibus,
1054 1068 1093 1114 ac
1112 1054 1289 1115 eorundem

221 1139 408 1219 salubribus
421 1159 647 1232 observantiis,
661 1160 861 1231 deviaverat,
877 1157 882 1239 Ι
899 1174 962 1236 que
975 1159 1037 1220 nisi
1053 1157 1190 1220 celerem
1206 1159 1288 1220 reci-

220 1263 340 1340 perent
353 1264 554 1337 medicinam,
569 1263 677 1342 posset
689 1265 837 1343 prefatus
850 1265 939 1336 ordo,
953 1265 1036 1342 quod
1049 1264 1143 1336 absit,
1156 1265 1196 1326 ad
1210 1265 1289 1326 irre

220 1369 367 1448 parabile
386 1371 587 1448 dispendium
607 1371 791 1449 pervenire,
811 1385 851 1434 ac
869 1351 1035 1448 properie
1053 1370 1288 1444 vestraveno·

220 1475 334 1566 pabilis
349 1476 443 1554 pater
455 1477 563 1548 abbas,
577 1478 611 1538 et
624 1475 856 1539 nonnullorum
872 1474 877 1557 Ι
893 1477 1058 1538 seniorum
1072 1475 1149 1538 dicti
1163 1476 1286 1538 ordinis

219 1579 372 1654 fratrum,
386 1581 488 1644 eidem
502 1583 619 1644 domno
633 1584 745 1644 nostro
759 1582 928 1646 humiliter
941 1582 1130 1660 supplicato,
1144 1582 1181 1644 ut
1194 1582 1285 1644 vobis

219 1689 253 1748 et
272 1688 375 1750 eidem
390 1689 494 1750 ordini
509 1689 686 1767 superbiis
707 1689 867 1767 oportune
887 1689 1059 1766 providere
1079 1688 1118 1752 de
1138 1689 1284 1767 benigni-

218 1793 288 1857 tate
300 1795 477 1873 apostolica
489 1795 690 1874 dignaretur.
704 1797 791 1858 ldem
804 1796 940 1857 domnus
954 1795 1067 1857 noster
1082 1793 1086 1874 Ι
1103 1811 1194 1873 papa,
1208 1795 1284 1856 vive

219 1901 307 1962 vocis
327 1901 470 1975 oraculo,
483 1901 574 1963 nobis
594 1902 812 1964 cardinalibus
832 1901 1036 1979 supradictis,
1056 1901 1161 1979 quoad
1181 1900 1282 1962 vitam

218 2004 407 2068 duxerimus
427 2007 638 2081 inhumanis,
653 2007 870 2070 ministerium
891 2006 1132 2069 reformationis
1146 2006 1282 2084 predicti

219 2113 349 2184 ordinis,
371 2129 445 2175 cum
466 2114 561 2191 plena
587 2114 756 2192 potestate,
777 2130 839 2192 que
866 2113 906 2175 ad
922 2111 927 2193 Ι
943 2112 1185 2185 reformatores,
1206 2112 1282 2174 visi·

218 2219 350 2290 totores,
370 2221 404 2282 et
424 2221 627 2282 correctores
648 2221 791 2282 eiusdem
804 2219 936 2292 ordinis,
950 2234 990 2281 ac
1002 2219 1147 2282 locorum
1161 2219 1195 2281 et
1209 2200 1280 2296 per·

218 2339 369 2387 sonarum
383 2325 493 2402 ipsius,
507 2325 573 2388 tam
595 2327 629 2388 in
649 2325 765 2404 capite,
779 2341 876 2404 quam
896 2326 931 2387 in
951 2326 1113 2398 membris,
1127 2339 1187 2404 pro
1200 2324 1281 2386 tam·

218 2441 293 2508 poro
312 2432 427 2509 potest
448 2447 506 2495 seu
527 2432 621 2494 debet
641 2431 877 2510 quomodolibet
903 2432 1079 2510 pertinere.
1096 2430 1100 2512 Ι
1116 2431 1280 2494 commisit

218 2537 439 2600 comendavit
458 2540 496 2598 ut
515 2537 628 2600 circha
648 2553 697 2610 ea,
711 2553 774 2616 quo
793 2538 833 2600 ad
853 2553 997 2617 presens,
1018 2538 1052 2600 et
1071 2537 1277 2609 infuturum,

218 2642 297 2704 idem
318 2644 397 2706 onio
416 2645 528 2706 vester
548 2645 582 2704 in
603 2644 835 2722 spiritualibus,
854 2645 889 2706 et
908 2644 1149 2721 temporalibus,
1163 2644 1197 2705 et
1209 2644 1277 2706 tam

218 2749 250 2810 in
269 2749 384 2826 capite,
398 2765 494 2828 quam
508 2750 543 2811 in
558 2751 719 2822 membris,
734 2750 916 2813 huiusmodi
932 2749 1184 2822 reformationis,
1199 2747 1203 2829 Ι
1220 2750 1277 2811 aut
1405 2821 1409 2834 Ι
1472 2755 1475 2762 ’

217 2853 424 2916 correctionis
453 2855 567 2925 officio,
595 2871 653 2933 pro
683 2856 829 2934 tempore
856 2855 1027 2934 indigeret,
1055 2856 1210 2926 statuere,
1241 2855 1276 2916 et

215 2960 362 3024 ordinare
382 2977 421 3024 ao
440 2962 630 3032 reformare,
645 2963 677 3024 ei
691 2963 858 3040 corrigere
877 2977 1078 3024 curaremus.
1092 2962 1158 3024 Nos
1172 2961 1275 3040 igitur

214 3067 392 3130 cardinales
412 3067 541 3146 prefati,
553 3067 701 3131 volentes
720 3068 880 3130 commissi
897 3066 902 3148 Ι
918 3083 1013 3130 onem
1033 3067 1068 3130 et
1087 3065 1273 3132 mandatum

214 3171 394 3236 huiusmodi
407 3175 603 3238 reverenter
615 3175 744 3253 exequi,
757 3175 795 3236 ut
807 3175 969 3246 tenemur,
983 3189 1041 3236 vos
1055 3173 1273 3237 venerabilem

212 3278 334 3356 patrem
355 3279 503 3342 abbatem
523 3295 563 3344 ao
581 3281 757 3343 nonnullos
776 3281 865 3342 viros
879 3280 1048 3358 religiosos
1069 3279 1204 3357 predicti
1218 3294 1270 3340 or·

211 3384 301 3457 dinis,
321 3385 389 3448 vite
410 3385 579 3448 laudabilis
598 3385 802 3464 providentia
819 3385 823 3467 Ι
839 3386 873 3449 et
892 3385 1086 3448 discretione
1110 3385 1269 3462 vigentes,

210 3489 249 3551 ad
274 3505 334 3554 nos
359 3491 597 3565 advocavimus,
617 3508 656 3555 ac
680 3493 747 3555 tam
774 3509 834 3570 per
859 3493 1013 3565 vestram,
1042 3505 1082 3553 ao
1111 3491 1269 3554 dictorum

210 3596 433 3676 religiosorum
452 3598 726 3671 informationem,
746 3615 843 3677 quam
864 3599 961 3661 etiarn
985 3597 1076 3669 alias,
1090 3598 1130 3660 de
1151 3595 1215 3658 biis
1235 3597 1269 3657 in

210 3701 322 3780 quibus
342 3703 421 3766 ordo
446 3704 592 3781 prefatus
617 3705 657 3766 sd
677 3719 812 3782 presens
832 3704 973 3768 correcti
990 3703 994 3784 Ι
1011 3719 1083 3776 one,
1102 3718 1142 3766 ao
1165 3702 1270 3766 refor-

209 3807 348 3871 matione
369 3809 516 3888 indigere
540 3812 745 3883 noscebatur,
759 3811 887 3888 plenius
909 3809 1087 3882 informati,
1111 3809 1270 3870 nonnulla

208 3912 328 3998 statuta
347 3915 386 3977 ed
406 3915 635 3989 ordinationes,
650 3933 709 3995 par
728 3931 787 3978 vos
801 3919 834 3978 et
847 3931 1049 3978 successores
1069 3913 1197 3980 vestros
1217 3914 1269 3974 in·

207 4033 359 4083 concussa
380 4021 544 4100 perpetuis
563 4021 684 4085 futuris
704 4021 902 4101 temporibus
919 4020 1150 4102 {observanda
1169 4019 1267 4082 edidi·

208 4139 285 4198 mus,
305 4127 339 4188 ei
358 4126 410 4189 die
429 4126 506 4190 data
524 4129 558 4190 et
577 4129 646 4191 loco
666 4129 894 4207 infrascriptis,
919 4127 1163 4207 publicavimus,
1187 4141 1266 4205 quo

207 4245 278 4292 rum
297 4232 437 4306 tenores,
457 4233 579 4296 formas
599 4234 775 4312 continent,
797 4251 861 4314 que
880 4235 1072 4313 sequuntur.

243 4319 421 4400 statuimus
440 4340 474 4402 et
493 4340 689 4414 ordinamus,
704 4357 762 4420 pro
779 4341 1011 4403 reformatione
1023 4339 1028 4420 Ι
1040 4338 1163 4401 ordinis
1175 4339 1264 4399 Men·

308 4506 424 4552 smmum.
437 4506 571 4551 ldonrouv.
586 4529 613 4540 -
628 4497 679 4551 Volss
694 4507 712 4551 l.
1144 4507 1158 4553 9
