3646 5520
543 543 737 606 carenam
754 509 1022 604 monteronem
1271 541 1313 603 ce
1411 579 1418 589 .

252 735 478 800 monasterium
493 737 686 800 Sanctorum
700 735 816 814 angeli
832 736 864 798 ot
878 733 882 816 Ι
895 734 1029 814 Nicolay
1043 735 1083 797 de
1095 735 1216 806 Laude,
1229 733 1312 798 idest

252 844 325 904 1427
340 841 396 923 (1).
416 841 504 911 Quod
532 842 636 906 ordini
662 843 774 906 nostro
800 841 935 904 tradidit
958 842 1094 904 domnus
1111 838 1115 921 Ι
1131 840 1311 904 cardinatis

250 943 424 1014 Laudensis
435 947 489 1029 (2).
505 948 766 1028 Huiustempore
779 948 866 1012 facta
879 946 930 1010 est
943 948 1127 1019 forestaria,
1140 963 1205 1026 que
1217 945 1222 1028 t
1236 962 1312 1010 cou-

248 1056 336 1134 digua
348 1055 399 1118 est
411 1054 608 1127 remmono,
622 1055 655 1118 et
676 1069 775 1134 penes
795 1053 966 1126 introitum
987 1053 1176 1118 monasterii
1189 1051 1240 1134 (a)
1252 1051 1310 1132 (3).

717 1313 834 1372 XXX.

285 1513 486 1593 Trigesimus
506 1513 604 1575 abbas
624 1513 687 1574 iuit
707 1513 813 1575 irater
832 1515 999 1576 Jchanues
1020 1513 1060 1576 de
1079 1507 1168 1576 Urbe
1188 1513 1311 1584 Veteri,
1382 1531 1456 1576 xxx,

248 1621 300 1698 qui
320 1637 422 1698 supra
439 1620 540 1683 tertio
559 1619 693 1694 electus,
710 1617 715 1700 Ι
731 1621 764 1682 et
784 1620 917 1682 duravit
942 1621 1038 1682 annis
1058 1619 1180 1682 duobus
1194 1616 1253 1698 (4).
1273 1621 1310 1679 In
1339 1602 1498 1719 Uffffiz'm

247 1727 307 1788 ista
334 1727 493 1788 electione
517 1726 661 1788 maxima
687 1727 773 1804 prati
790 1724 795 1808 Ι
810 1727 924 1824 οαιθεΐ
944 1727 1040 1799 iacta,
1061 1725 1094 1790 et
1121 1742 1187 1789 non
1209 1741 1312 1804 parva
1348 1745 1491 1801 (isse-nu).

247 1831 404 1895 discordia
423 1832 514 1895 inter
532 1833 642 1910 patres
662 1832 785 1894 ordinis
806 1833 931 1905 exorta,
948 1831 953 1913 Ι
969 1832 1046 1894 licet
1066 1834 1157 1912 prius
1177 1833 1313 1910 incepis-

247 1939 303 2001 set.
324 1942 396 2016 Ipse
417 1939 607 2016 procuravit
627 1939 688 2000 sibi
707 1939 915 2011 abbatiatum,
936 1956 1009 2001 oum
1031 1955 1090 2016 con
1107 1928 1213 2020 i'scius
1227 1941 1331 2002 esset·

245 2045 411 2107 cuiusdam
431 2043 519 2108 bulte
539 2046 672 2123 papalis,
692 2061 788 2123 quam
812 2045 894 2106 alias
912 2047 981 2124 ipse
1008 2025 1187 2108 secretam
1202 2043 1208 2126 Ι
1223 2048 1314 2107 cerat

247 2153 433 2230 impetrare,
453 2151 587 2224 scilicet,
601 2151 639 2212 ut
653 2151 847 2230 quicumque
861 2152 966 2215 irater
978 2151 1170 2229 procuraret
1184 2151 1315 2214 electio·

247 2273 320 2319 nem
347 2259 388 2319 ab
404 2255 409 2339 Ι
425 2258 520 2320 batis·
534 2257 720 2321 inordinata
746 2256 926 2330 affectione,
947 2257 1313 2321 excommunicationem

247 2361 400 2444 incurret
417 2363 486 2437 ret;
506 2364 541 2426 et
560 2355 696 2433 dicebat,
717 2379 752 2426 se
774 2379 840 2426 non
864 2381 937 2427 esse
962 2364 1119 2434 abbatem.
1140 2365 1314 2443 Postquam

248 2470 371 2532 eiectus
398 2469 470 2542 suit,
491 2486 551 2547 per
567 2467 713 2550 taliquot
733 2486 870 2548 menses,
891 2470 968 2532 fecit
988 2469 1159 2532 consulere
1173 2470 1314 2549 peritum

249 2576 412 2638 doctorem
428 2574 614 2648 senensem,
632 2591 731 2654 super
744 2574 748 2656 Ι
762 2575 825 2638 hac
838 2592 877 2638 re
890 2576 1026 2637 secreto.
1040 2577 1095 2637 Set
1109 2576 1225 2654 decipit
1240 2592 1313 2637 con·

248 2683 404 2744 scentiam
432 2697 534 2753 suam,
555 2697 620 2742 non
648 2682 860 2760 exprimendo
877 2680 1020 2762 irealem
1047 2679 1231 2744 veritatem.
1254 2683 1315 2743 Hic

248 2785 410 2866 cogitabat
430 2787 463 2849 et
483 2788 689 2864 procurabat,
709 2789 746 2849 ut
766 2788 864 2849 abbas
884 2804 925 2866 ge
941 2785 945 2868 Ι
962 2787 1084 2850 neralis
1112 2787 1220 2866 posset
1239 2803 1315 2848 con·

248 2893 384 2964 firmari,
398 2892 432 2954 et
448 2909 520 2955 esse
540 2893 726 2972 perpetuus,
747 2895 796 2955 set
817 2893 939 2956 fraires
961 2909 1025 2955 non
1046 2890 1314 2972 acquieverunti

190 3063 193 3068 ,
248 2999 308 3060 Hic
327 2997 432 3061 voluit
452 3014 632 3076 procurare
652 2999 929 3072 reformationem,
950 2999 983 3062 et
1004 2999 1092 3060 misit
1118 3002 1253 3061 Romam
1274 2998 1315 3059 ad

248 3104 451 3167 cardinalem
465 3106 583 3168 Sancte
596 3107 709 3204 crucis
721 3104 779 3185 (5),
791 3105 828 3165 ut
841 3105 1034 3183 dignaretur
1047 3119 1227 3184 procurare
1241 3118 1315 3166 cum

285 3367 322 3435 (a)
340 3363 431 3422 dext.
450 3365 494 3421 B:
515 3365 690 3422 Monaetaati
706 3365 816 3421 Montis
838 3351 951 3422 oliveri.

284 3504 323 3578 (i)
342 3505 388 3562 of.
403 3505 639 3580 unumunurm,
653 3523 700 3577 op.
713 3507 773 3579 ait,
794 3506 888 3578 1,se;
903 3505 944 3578 11,
959 3505 1032 3578 2053
1047 3505 1137 3564 Grcv.
1159 3506 1314 3577 Aeuom,
1399 3579 1405 3588 .

250 3593 385 3650 Memoria
402 3596 449 3650 mal
467 3593 592 3654 Comma
607 3613 621 3650 e
638 3595 801 3652 sutl'cats‘m
822 3591 925 3652 datam
943 3595 1088 3650 aetatula
1105 3594 1138 3650 dt
1160 3593 1317 3654 Vitiuma

250 3679 283 3738 iu
299 3683 387 3742 Arcti.
405 3682 484 3742 Stoa
504 3684 536 3742 aa·
553 3683 639 3754 Ludi,
659 3683 749 3755 XIII,
769 3683 914 3754 damnes
928 3682 978 3738 111
996 3699 1014 3740 e
1030 3681 1075 3738 IV
1094 3681 1199 3756 (1894),
1219 3699 1248 3753 pt
1268 3682 1316 3738 97-

253 3769 321 3841 1683
340 3771 517 3832 Famam.
539 3771 629 3842 Tau,
649 3772 694 3843 11,
713 3789 762 3830 au.
783 3772 863 3840 1427,
883 3791 916 3844 p„
933 3771 1004 3830 151’.

286 3856 325 3929 (2)
344 3858 431 3914 Oard.
452 3859 592 3930 Angelus
609 3859 802 3916 Summariva
821 3859 854 3930 (†
873 3859 965 3930 1428>ι

287 3945 326 4018 (8)
344 3945 390 4002 cf.
412 3945 557 4019 Tuom,
577 3965 623 4018 op.
643 3949 705 4017 ott„
723 3963 752 4019 p.
774 3947 838 4008 171.

286 4033 325 4104 (i)
343 4035 371 4090 Δ
382 4033 455 4094 Kal.
468 4034 543 4092 maii
553 4035 625 4092 1429
637 4035 676 4092 ad
687 4027 760 4094 Kol}
774 4027 869 4096 maias
882 4035 963 4094 liet.
975 4034 1021 4092 Of.
1038 4035 1213 4096 Faustulus.
1224 4033 1315 4106 Tum,

249 4118 293 4190 11,
312 4138 343 4193 p.
363 4121 427 4179 154.

286 4207 326 4281 (5)
344 4207 432 4264 card.
455 4209 602 4267 Nicotaus
614 4210 777 4282 Albergcti
791 4210 823 4285 [†
835 4211 928 4286 14431.
941 4209 998 4270 Vir
1009 4209 1079 4282 iste,
1092 4227 1166 4268 vere
1177 4213 1315 4278 unctus,

249 4294 347 4352 honor
365 4295 481 4352 ordinis
499 4296 786 4370 earthusianorum
817 4296 1058 4374 Congregatioai
1084 4301 1211 4358 nestrae
1238 4296 1317 4354 mul·

251 4385 318 4440 tum
336 4381 466 4456 profuit.
488 4384 601 4444 Noster
616 4383 743 4444 Beacmi
760 4385 797 4444 ds
815 4385 882 4460 imo
895 4385 1011 4446 tradita
1031 4387 1118 4446 «Hie
1136 4383 1315 4457 ommam,
