3642 5510
561 547 752 608 chronicon
772 547 897 608 Montis
922 547 1038 608 Olieeii

592 1038 1010 1140 CHRONICON.

302 1401 424 1472 Incipit
444 1401 536 1471 liter,
559 1404 629 1462 sine
649 1415 719 1460 nor
734 1397 738 1479 Ι
755 1401 901 1462 notionis
915 1413 1038 1471 sermo,
1054 1404 1094 1462 oe
1108 1400 1326 1462 incrementis

264 1507 395 1566 ordinis
415 1507 540 1568 Montis
565 1507 690 1576 oliveti,
718 1507 825 1567 ediins
851 1521 874 1567 o
900 1507 1012 1577 finire
1032 1506 1181 1567 Antonio
1210 1502 1327 1582 Bali]-

262 1614 359 1683 oensi
379 1609 440 1690 (o),
463 1615 613 1674 einedern
637 1611 797 1690 [ordinis]
818 1613 981 1686 professo.

300 1790 405 1866 Igitur
419 1790 453 1850 in
468 1791 583 1853 Tuseie
599 1790 775 1868 provincie,
793 1790 927 1852 civitate
942 1793 984 1853 Se
996 1789 1000 1871 Ι
1014 1792 1109 1852 nensi
1125 1789 1182 1870 (t),
1197 1791 1326 1869 quidem

261 1895 321 1957 iuit
334 1897 398 1970 vir,
413 1899 600 1960 Bernartius
615 1899 753 1971 nomine,
768 1899 883 1960 nobilis
897 1898 975 1970 vite,
989 1895 993 1978 Ι
1006 1899 1055 1960 set
1071 1899 1214 1960 moribus
1231 1900 1327 1978 longe

262 2001 408 2076 nobilior,
429 2004 590 2082 quondam
610 2003 718 2066 domni
739 2004 818 2065 Mini
840 2004 879 2066 de
900 2004 977 2066 Telo
994 2001 998 2084 Ι
1016 2005 1095 2066 meis
1116 2003 1213 2077 filius,
1234 2005 1328 2066 nimi·
1435 2013 1447 2042 r

262 2123 335 2169 rum
349 2109 442 2172 miles
456 2111 553 2188 atque
573 2109 686 2171 doctor
707 2109 847 2172 eximius
863 2107 920 2188 (1).
942 2109 1013 2182 Qui,
1034 2109 1068 2170 di
1083 2106 1087 2190 Ι
1104 2109 1182 2170 vino
1196 2099 1327 2172 efflatus

260 2212 387 2290 spiritu,
400 2213 651 2291 vehementique
665 2213 797 2276 fervore
810 2213 917 2275 tectus
931 2213 1139 2288 intrinsecus
1155 2231 1219 2276 une
1232 2213 1236 2296 Ι
1252 2231 1326 2276 oum

260 2319 419 2380 nobilibus
440 2318 552 2379 amieis
574 2317 649 2389 suis,
671 2318 809 2380 Patritio
831 2319 981 2382 videlieet
995 2319 1033 2381 de
1052 2320 1208 2393 Patritiis,
1223 2323 1327 2382 Fren-

260 2426 345 2488 oiseo
365 2428 425 2486 Am
443 2423 447 2505 Ι
463 2425 633 2504 brosioque
654 2423 711 2504 (2),
732 2425 937 2493 senensibus,
959 2425 1009 2487 die
1028 2441 1067 2488 ae
1081 2425 1175 2488 noete
1190 2443 1325 2490 eonver-

296 2675 335 2744 (o)
354 2673 443 2729 Text.
464 2673 505 2728 B:
527 2672 680 2745 Broyensi.
701 2703 736 2714 --
755 2673 791 2744 (t)
811 2672 899 2728 Text.
919 2673 959 2728 B':
980 2673 1133 2729 Senonum.

296 2815 336 2888 (l)
355 2815 450 2886 Quae,
474 2814 535 2886 hie,
562 2814 643 2886 apud
667 2818 810 2870 nostrum
836 2819 1004 2886 auctorem,
1031 2815 1067 2870 de
1092 2816 1158 2870 vito
1175 2814 1326 2871 Bernnrdi

259 2903 417 2976 dicuntur,
438 2903 633 2976 complentur
651 2903 687 2958 ab
701 2902 740 2958 iis
759 2903 822 2975 qui,
842 2909 912 2975 poet
924 2921 1005 2974 eum,
1020 2902 1133 2959 fusiori
1146 2904 1273 2975 calamo,
1288 2905 1325 2960 de

260 2993 353 3048 rebus
372 2992 487 3048 nostris
505 2991 706 3064 seripserunt.
728 2992 877 3048 Consulet
895 2992 992 3048 lector
1012 3009 1091 3064 quae
1109 2992 1146 3048 de
1159 2990 1325 3050 fundatore

260 3086 366 3138 nostro
384 3081 509 3152 scripsit
521 3080 677 3152 ediditque
691 3080 879 3136 Guilielmus
891 3081 1030 3152 Cuperue
1043 3080 1129 3153 (Aeto
1140 3081 1323 3153 Senatorum,

259 3171 398 3240 Augusti
416 3175 490 3224 tom.
511 3168 564 3241 IV,
586 3169 735 3240 Venetiis,
755 3168 933 3240 MDOOLII,
946 3187 1014 3241 pag.
1029 3169 1170 3243 iernen),
1186 3186 1325 3241 quaeque

259 3263 364 3314 noster
376 3257 552 3314 Bernerdus
567 3258 608 3314 M.
621 3257 809 3314 Mereeheux
820 3256 885 3328 (Vn
895 3260 934 3312 dn
943 3259 1028 3312 Bion.
1040 3259 1177 3314 Bernord
1190 3259 1323 3330 Tolomii',

260 3347 518 3419 Poris-Florenee,
536 3347 614 3419 1888)
627 3363 727 3418 nuper
739 3346 900 3417 diligentie
912 3363 1033 3402 summe
1045 3347 1140 3419 proelo
1155 3347 1322 3404 mandevit.

259 3433 319 3491 Hie
338 3441 442 3491 temen
460 3453 579 3508 moneo,
600 3440 721 3491 eertum
734 3451 799 3490 esse
812 3434 972 3492 fundatori
984 3441 1091 3492 nostro
1105 3434 1138 3491 in
1152 3435 1239 3492 fonte
1252 3435 1325 3508 bap·

261 3523 394 3580 tismetis
419 3523 441 3579 J
443 3525 549 3580 oannis
574 3541 686 3580 nomen
710 3523 890 3595 impositum
911 3523 1019 3594 fuisse,
1039 3529 1234 3596 sertumque,
1254 3530 1326 3597 post

261 3612 491 3669 conversionem
510 3630 598 3668 suem
610 3613 649 3669 ed
660 3613 770 3684 Deum,
782 3612 905 3668 nomine
915 3611 1058 3668 Doetoris
1068 3613 1223 3684 melliflui,
1235 3612 1326 3669 devo·

261 3701 353 3758 tionis
372 3719 476 3772 eausa,
496 3710 657 3773 vooetum;
679 3701 808 3757 dubium
827 3700 1018 3758 solummodo
1041 3718 1107 3757 esse
1130 3700 1253 3772 quando
1267 3702 1325 3756 hoe
1394 3722 1397 3728 ·
1455 3720 1458 3726 ·

260 3790 407 3845 ultimum
419 3807 530 3846 nemen
539 3789 715 3862 sumpserit.
726 3789 764 3845 In
774 3789 982 3846 monumentis
992 3805 1065 3846 vero
1077 3789 1205 3847 Archivi
1213 3789 1323 3860 nostri,

259 3878 362 3934 lueide
380 3883 507 3951 apparet
523 3879 721 3936 fundatorem
738 3883 881 3936 nostrum
900 3897 918 3934 a
936 3883 1072 3950 tempore
1085 3878 1136 3935 sui
1148 3878 1325 3935 abbetietus

259 3966 408 4022 Bernerdi
425 3966 548 4023 nomine
566 3967 755 4023 decoratum.

294 4055 334 4128 (2)
353 4054 551 4112 Ambrosium
569 4055 606 4111 de
624 4055 850 4128 Pieelomineis,
866 4054 985 4127 dupliei
1002 4054 1187 4128 insignitum
1200 4055 1323 4112 nomine

258 4149 396 4215 eouetet3
416 4142 578 4200 Ambrosio
591 4161 700 4216 nempe
713 4149 745 4201 et
757 4144 932 4200 nranoiseo.
945 4144 1129 4201 Frenoiseus
1142 4144 1224 4202 enim
1236 4143 1323 4200 Pico·

257 4230 410 4288 lomineus
427 4231 586 4290 vocitatur
603 4231 698 4289 etiem
710 4232 744 4289 in
762 4231 829 4288 Vite
840 4233 877 4287 B.
893 4233 978 4287 Petri
990 4231 1125 4288 Petronii
1140 4231 1320 4288 Curioniani.

258 4319 305 4375 cf.
324 4319 500 4393 Bonnense„
513 4321 588 4377 Aeto
600 4309 657 4376 88.
673 4319 732 4394 [die
743 4322 780 4378 29
792 4319 887 4396 meiil,
907 4319 1056 4394 Venetiis,
1078 4321 1156 4394 1789,
1173 4319 1248 4376 Maii
1267 4318 1319 4391 VI,

260 4404 336 4481 [esp.
356 4409 382 4482 1,
403 4408 442 4483 5Ι,
461 4409 526 4468 545.
