3646 5520
679 535 859 612 apponam
1261 543 1301 618 79

230 729 391 801 omnibus,
412 745 484 792 eam
513 728 642 793 tantum
663 731 864 796 ‘facultatem
894 733 1024 808 babeat,
1045 690 1145 815 quain
1168 736 1302 816 quilibet

232 835 318 898 alius
338 836 430 914 prior
450 835 549 900 babet
568 838 603 900 in
623 839 821 902 monasterio
841 839 1011 918 singulari.

274 943 418 1010 Quorum
431 943 561 1022 quidem
574 945 782 1006 visitatorum
803 945 850 1007 sic
870 946 1048 1008 electorum
1069 948 1195 1026 tempus
1216 951 1302 1028 regi-

234 1047 333 1110 minis
353 1049 459 1121 dnret,
479 1049 543 1111 hoc
563 1050 665 1122 modo,
687 1050 846 1123 videlicet,
867 1053 951 1131 quod
971 1053 1006 1113 in
1027 1052 1092 1114 fine
1112 1055 1189 1116 anni
1211 1055 1239 1117 a'
1251 1057 1302 1118 die
1337 1070 1341 1077 ·

234 1155 449 1216 conclusionis
463 1155 626 1234 generalis
636 1156 770 1234 capituli
781 1158 995 1235 computandi,
1006 1157 1111 1220 tribus
1122 1176 1165 1222 ex
1176 1161 1251 1238 ipsis
1262 1162 1302 1222 ab

233 1259 287 1320 oni
303 1257 309 1341 ι
325 1260 375 1322 oio
394 1261 589 1323 visitationis
616 1243 800 1324 huiusmodi
827 1261 1071 1342 absolvissem
1094 1265 1241 1328 abbatem
1268 1267 1302 1328 ei

235 1365 396 1443 predictos
416 1383 476 1430 sex
496 1366 693 1441 visitatores,
707 1369 762 1468 yet
781 1369 937 1432 maiorem
955 1371 1082 1448 partem
1096 1387 1219 1444 eorum,
1233 1372 1302 1434 tres

235 1471 291 1532 alii
303 1472 531 1550 subrogentur,
547 1474 580 1535 01
593 1474 639 1536 010
653 1474 748 1536 annis
761 1475 909 1553 singulis,
923 1476 992 1538 tres
1005 1492 1049 1539 ax
1063 1475 1110 1539 cis
1131 1475 1186 1556 qui
1207 1478 1278 1555 plus
1294 1476 1299 1559 1

236 1577 340 1640 officio
352 1578 547 1641 visitationis
567 1580 759 1656 prefuerint,
779 1581 1004 1654 amoveantur,
1018 1582 1051 1643 et
1070 1575 1197 1646 tresde
1216 1600 1302 1646 novo

236 1684 457 1762 subrogentur
477 1685 606 1758 eisdem,
619 1702 681 1749 nec
701 1687 833 1749 valeant
846 1686 1044 1760 confirmari,
1058 1688 1114 1752 sod
1134 1705 1194 1767 per
1213 1689 1302 1752 bien·

238 1790 326 1851 nium
346 1790 537 1852 continuum
557 1793 675 1854 vacent
695 1793 736 1854 ab
756 1792 860 1854 officio
880 1792 1106 1874 visitationis!
1127 1793 1301 1874 antequam

238 1895 275 1958 de
294 1911 379 1958 novo
399 1897 476 1974 eligi
498 1898 629 1974 possint,
651 1898 691 1959 ad
711 1898 833 1960 dictum
855 1898 1051 1960 visitationis
1071 1899 1221 1962 officium.

273 2001 354 2064 Item
375 2002 548 2064 statuimus
568 2005 606 2064 ut
625 2003 782 2064 iratribus
803 2003 987 2065 stabilitatis
1008 2004 1113 2066 forma
1135 2006 1302 2082 prestetur

238 2108 269 2170 at
294 2107 497 2185 evagationis
523 2107 660 2170 tollatur
683 2109 817 2171 occasio.
839 2109 928 2176 Quod
948 2125 1008 2186 pro
1029 2110 1231 2174 edificatione
1247 2109 1252 2192 Ι
1267 2113 1303 2176 01

237 2213 316 2276 bono
337 2214 486 2291 exemplo
506 2214 667 2276 dictorum
686 2214 836 2288 fratrum,
854 2215 1000 2293 prelatus
1020 2215 1118 2277 abbas
1138 2217 1302 2294 generalis

237 2319 387 2382 continue
406 2320 536 2383 maneat
549 2320 583 2381 in
598 2321 795 2383 monasterio
814 2320 1056 2394 Montisoliveti,
1069 2337 1131 2384 nec
1143 2322 1301 2385 terminos

236 2425 353 2503 prelati
374 2426 562 2488 monasterii
582 2426 649 2487 ullo
668 2427 761 2488 modo
780 2425 1055 2504 transgrediatur,
1071 2425 1171 2507 iquos
1192 2429 1301 2491 decer-

237 2532 342 2594 nimus
362 2546 435 2594 essa
455 2532 527 2594 octo
547 2531 695 2592 miliaria.
710 2531 866 2594 Volumus
886 2533 997 2594 tamen
1018 2532 1101 2612 quod
1120 2549 1180 2611 pro
1199 2533 1302 2595 mani·

237 2637 319 2700 lesta
346 2637 497 2710 utilitate,
517 2638 569 2698 vel
589 2637 783 2699 necessitate
809 2637 942 2708 ordinis,
962 2638 1062 2715 possit
1082 2639 1122 2701 de
1141 2655 1300 2701 consensu

237 2743 269 2804 et
289 2744 457 2804 voluntate
476 2742 636 2805 dictorum
656 2742 873 2815 visitatorum,
886 2745 940 2805 vel
961 2743 1092 2809 maioris
1111 2745 1213 2822 partis
1229 2743 1233 2824 Ι
1250 2761 1302 2806 00-

237 2864 309 2910 rum
327 2849 422 2910 exire
441 2849 619 2912 associatus
639 2864 807 2927 sempera
827 2849 950 2911 duobus
970 2865 1014 2910 ex
1034 2849 1091 2922 eis,
1111 2849 1146 2912 et
1165 2849 1301 2911 visitare

237 2955 468 3027 001110100010,
479 2971 543 3034 que
556 2955 760 3018 concernunt
770 2955 973 3018 manifestam
984 2954 1106 3017 ordinis
1116 2953 1300 3028 utilitatem,

237 3061 275 3122 de
294 3075 407 3124 eorum
427 3061 560 3123 consilio
581 3062 614 3122 at
634 3077 804 3124 consensu.

276 3167 431 3230 Similiter
461 3166 633 3228 statuimus
654 3165 713 3248 101
743 3166 930 3229 ordinamus
960 3167 1044 3245 qnod
1076 3167 1174 3230 abbas
1203 3183 1301 3246 gene-
1355 3182 1357 3186 ’

238 3273 315 3334 ralis
335 3273 411 3334 dicti
430 3273 553 3335 ordinis
573 3272 678 3345 duret,
699 3273 733 3336 01
753 3273 849 3334 vacet
868 3273 1045 3335 secundum
1069 3273 1206 3336 formam
1226 3287 1300 3334 con·

238 3377 441 3442 stitutionum
468 3378 591 3440 ordinis
615 3377 768 3442 eiusdem.
789 3379 946 3440 Volumus
973 3378 1083 3442 tamon
1110 3394 1169 3456 pro
1195 3377 1301 3441 torma

238 3483 429 3546 humilitatis
459 3484 633 3556 servanda,
656 3485 704 3558 ,ad
734 3485 918 3562 exemplum
941 3481 946 3564 Ι
969 3483 1184 3556 subditorum,
1215 3483 1300 3563 quod

237 3589 340 3652 dictus
359 3590 467 3663 abbas,
487 3591 555 3652 tam
583 3589 639 3668 qui
664 3605 752 3652 nunc
778 3590 837 3662 est,
864 3605 960 3668 quam
987 3589 1043 3669 qui
1069 3605 1128 3666 pro
1154 3589 1300 3668 tempore

237 3695 344 3768 fuerit,
365 3696 438 3774 post
457 3695 623 3759 biennium
649 3712 670 3758 a
696 3695 750 3757 die
764 3711 831 3774 sne
857 3695 1024 3758 electionis
1038 3694 1299 3772 computandum,

238 3802 272 3866 in
291 3802 438 3880 generali
459 3801 598 3880 capitulo
614 3801 866 3864 misericordiam
881 3801 1030 3878 postulet,
1044 3800 1127 3863 idest
1139 3800 1216 3862 abso
1232 3798 1236 3881 Ι
1252 3801 1301 3862 lu·

236 3907 356 3968 tionem
377 3907 417 3969 ab
437 3907 542 3970 officio
561 3907 753 3969 abbatiatus.
767 3908 809 3969 Et
821 3909 901 3969 tunc
915 3923 974 3984 per
987 3906 1108 3969 dictum
1124 3906 1299 3983 capitulum

237 4012 402 4090 eligantur
418 4013 488 4074 tros
501 4012 628 4091 priores
648 4029 691 4075 ex
711 4013 917 4092 gravioribus
931 4013 964 4074 et
976 4011 1231 4084 honestioribus,
1244 4011 1300 4090 qui

237 4118 373 4198 singulis
392 4118 531 4181 bienniis
551 4119 729 4188 mutentur.
750 4119 811 4187 Qui
830 4119 959 4197 quidem
976 4118 1023 4180 sic
1036 4117 1141 4190 electi,
1158 4115 1163 4198 Ι
1179 4117 1300 4180 axami-

238 4224 324 4286 natis
343 4225 567 4287 examinandis
587 4225 700 4288 circha
719 4225 867 4304 regimen
880 4224 957 4286 dicti
970 4222 1162 4295 abbatiatus,
1177 4221 1300 4301 possint

238 4345 280 4391 ex
290 4329 436 4409 legitima
445 4330 480 4393 et
489 4331 622 4409 urgenti
632 4317 740 4403 causa,
750 4345 809 4408 pro
818 4330 902 4394 bono
912 4325 1036 4392 ordinis
1046 4330 1077 4394 si
1088 4329 1197 4393 lacere
1207 4326 1298 4389 mise·
