3646 5520
872 1206 908 1257 Ia
923 1206 1013 1270 Bnrgo
1027 1203 1062 1258 ds
1078 1203 1220 1257 Ohlmurls
1235 1205 1304 1268 sols,
1320 1205 1450 1256 februarii
1467 1204 1506 1255 18.

542 1374 606 1439 Ser
624 1378 777 1449 Modus,
799 1377 911 1440 rector
931 1377 1088 1440 ecclesiae
1108 1376 1226 1440 Senon
1244 1377 1370 1452 Acoeti
1382 1389 1406 1438 a
1419 1377 1514 1438 Luco
1529 1377 1575 1436 dc

504 1485 695 1558 cosmum,
721 1483 949 1558 uedlttcnttoot
972 1483 1175 1546 molescere
1205 1483 1348 1546 Saocme
1367 1484 1502 1544 Martae
1529 1485 1575 1544 de

501 1590 614 1654 monte
638 1589 770 1662 Oltocto,
790 1603 996 1654 comensem
1012 1591 1157 1666 praeses.

627 1771 802 1849 [Exemplar
820 1771 942 1831 lnL1s.
962 1773 1131 1832 Parumne.
1152 1775 1242 1846 (saec.
1262 1772 1340 1846 XV),
1360 1773 1383 1829 f.
1403 1770 1451 1850 3'1.

541 1957 579 2018 In
598 1954 657 2019 Dei
677 1953 817 2019 nomine.
837 1955 951 2019 Amen.
979 1956 1074 2018 Anno
1100 1954 1244 2020 eiusdem
1264 1955 1467 2027 Mcocxnn,
1489 1953 1570 2016 indi-

500 2061 610 2126 ctione
634 2063 690 2136 XI,
715 2060 767 2126 dle
793 2061 900 2125 XVIII
931 2060 1052 2124 mensis
1082 2059 1250 2124 februarii.
1275 2061 1390 2124 Pateat
1419 2059 1569 2124 omnibus

393 2155 400 2168 ’
500 2167 672 2233 evidenter
691 2167 776 2248 qnod
797 2166 957 2232 discretus
978 2167 1032 2230 vir
1052 2183 1108 2231 ser
1127 2167 1257 2230 Landus
1274 2168 1436 2248 quondam
1449 2165 1570 2241 Maffei,

501 2274 663 2354 presbiter
682 2274 717 2338 et
735 2272 847 2338 rector
866 2273 1004 2338 ecclesie
1023 2273 1134 2336 Sancti
1153 2273 1271 2353 Angeli
1284 2290 1305 2338 a
1318 2276 1407 2337 Luco
1419 2274 1459 2337 do
1471 2273 1569 2338 chiu-

501 2381 589 2446 suris
608 2379 745 2446 ,iratius
765 2381 911 2456 diocesis,
931 2395 1042 2444 coram
1063 2379 1258 2444 monetario
1272 2379 1570 2445 ottostibusinira·

370 2533 375 2542 .
501 2487 641 2568 scriptis,
654 2503 714 2552 sua
723 2487 827 2552 libera
840 2487 875 2552 et
886 2488 1067 2568 spontanea
1079 2487 1259 2562 voluntate,
1269 2503 1314 2552 ex
1323 2487 1415 2552 certa
1425 2487 1569 2562 scientia,

501 2595 536 2660 et
555 2609 622 2658 non
642 2610 702 2676 per
721 2610 867 2659 errorem
888 2595 1040 2676 aliquem,
1053 2593 1141 2658 omni
1160 2593 1311 2668 luroris
1331 2593 1365 2658 et
1384 2594 1486 2669 modo,
1500 2589 1570 2674 quiss

500 2702 561 2764 bus
588 2701 704 2764 melius
731 2701 846 2782 potuit,
872 2701 979 2765 sciens
1007 2701 1041 2765 et
1068 2716 1305 2782 recognoscens
1336 2699 1569 2766 monasterium

502 2807 622 2872 Sancte
641 2808 745 2872 Maris
764 2809 804 2872 de
823 2811 934 2872 Monte
947 2806 1083 2882 oliveto,
1098 2807 1238 2889 positum
1258 2807 1293 2870 in
1313 2805 1407 2871 curia
1419 2807 1459 2871 de
1472 2805 1569 2871 Olliu-

500 2914 597 2988 sums,
617 2915 790 2978 comitatus
810 2915 972 2989 Senensis,
993 2915 1063 2979 loco
1083 2913 1168 2978 dicto
1188 2916 1307 2988 Acone,
1328 2913 1414 2978 dicte
1433 2912 1569 2977 Aretine

501 3020 647 3095 diocesis,
660 3036 733 3086 esse
752 3021 861 3094 situm,
875 3021 1033 3086 situatum
1047 3022 1081 3086 et
1094 3019 1233 3102 positum
1246 3020 1282 3082 in
1296 3019 1473 3100 parrochia
1485 3019 1570 3083 dioto
1665 3089 1671 3102 ‚

501 3127 572 3191 eius
598 3127 744 3202 ecclesie,
771 3127 864 3202 dixit,
891 3127 1034 3192 asseruit
1059 3129 1094 3192 et
1119 3127 1287 3192 confessus
1314 3126 1387 3200 init,
1413 3127 1569 3207 tanquam

501 3232 740 3314 parrochianus
764 3233 842 3298 dicti
866 3235 939 3309 loci,
966 3235 1022 3298 ubi
1047 3234 1169 3298 dictum
1196 3231 1430 3296 monasterinm
1453 3232 1518 3296 init
1536 3233 1570 3297 et

501 3340 553 3404 est
571 3339 802 3406 constructum¹
815 3341 850 3406 et
869 3339 1063 3416 edificatum,
1083 3355 1119 3404 se
1138 3339 1285 3420 tempore
1306 3338 1520 3404 edificationis
1537 3339 1570 3402 et

502 3445 754 3510 constructionis
776 3447 854 3510 dicti
873 3447 1072 3521 monasterii,
1093 3461 1164 3510 esso
1184 3447 1218 3509 et
1238 3446 1347 3521 fuisso,
1368 3447 1402 3509 et
1428 3461 1518 3510 nunc
1537 3446 1572 3510 et

501 3553 536 3614 in
557 3553 732 3631 posterum,
758 3569 832 3617 esse
850 3551 985 3617 tacitum
1005 3553 1040 3617 et
1058 3553 1247 3617 contentum
1267 3553 1307 3617 de
1327 3553 1571 3617 constructione

416 3641 421 3652 ’
502 3657 766 3740 et,ediilcetione
791 3660 968 3738 supradicti
995 3659 1182 3734 monasteri,
1210 3660 1244 3724 et
1269 3659 1355 3722 dicte
1374 3658 1570 3723 edificationi

501 3765 583 3827 tunc
602 3765 813 3841 consensisse,
838 3765 872 3829 et
891 3767 931 3830 de
956 3767 1007 3828 sui
1027 3781 1188 3830 consensu
1208 3767 1243 3830 et
1264 3765 1435 3831 uoluntate
1458 3766 1568 3839 inisse,

503 3870 708 3950 processisse,
728 3871 763 3934 et
782 3871 905 3935 iactam·
927 3872 1028 3937 luisse
1052 3873 1178 3937 stesso
1203 3871 1439 3937 edificatIonem
1460 3888 1569 3936 mona·

502 3977 596 4041 sterii
615 3977 802 4056 supradicti,
828 3991 956 4042 necnon
975 3980 1016 4043 de
1035 3979 1184 4043 omnibus
1204 3981 1239 4042 ot
1259 3979 1395 4060 singulis
1415 3980 1569 4068 granciis,

502 4083 677 4158 beneflciis,
696 4083 916 4163 indulgentiis,
937 4085 1127 4166 privilegiis,
1149 4085 1434 4161 immunitionibus,
1451 4086 1485 4149 st
1498 4085 1569 4148 aliis

503 4190 758 4270 quibuscumque
790 4191 1050 4256 concessionibus
1080 4191 1183 4256 eidem
1213 4192 1410 4256 monasterio
1440 4205 1568 4273 quoquo

502 4296 595 4390 modo
614 4295 670 4360 hic
689 4295 887 4372 retrofactis,
907 4299 960 4362 vol
981 4299 1021 4362 ad
1042 4313 1176 4378 presens
1190 4314 1248 4362 seu
1262 4299 1296 4361 in
1309 4298 1476 4378 posterum
1490 4298 1569 4362 flen-

503 4401 562 4476 uls,
581 4402 649 4466 tam
669 4418 729 4481 per
748 4419 910 4468 summum
929 4403 1114 4484 pontificem
1135 4421 1232 4485 quam
1248 4404 1346 4469 etiam
1360 4420 1421 4484 per
1433 4420 1569 4470 reuera-
