3642 5510
599 569 743 636 Antonii
762 571 951 645 Boroensis
1211 583 1306 637 xnvu

279 763 355 830 Hoc
381 784 462 832 vero
490 763 697 832 monendum
726 765 819 851 duxi,
842 787 886 832 ne
916 765 1002 852 quis,
1032 766 1073 832 de
1103 765 1305 854 quibusdam

229 879 344 964 rebus,
368 879 458 947 veris
479 879 660 965 interdum,
684 880 847 968 nobisque
869 904 890 947 e
912 880 1086 948 Chronicis
1108 882 1210 948 unius
1225 883 1305 948 alte

230 994 350 1064 riusve
372 995 493 1062 aetatis
515 995 659 1080 traditis,
691 997 746 1064 vel
768 1019 829 1084 per
849 997 1055 1084 fidediguam
1086 997 1304 1065 traditionem

230 1111 278 1176 ad
300 1132 363 1179 noe
385 1133 491 1199 usque
513 1112 636 1196 relatis,
660 1133 703 1179 ex
725 1111 1074 1210 silentio'Bergensis,
1097 1119 1215 1180 contra
1237 1113 1304 1180 exi·

230 1227 402 1294 utentium·
416 1227 466 1294 rei
487 1229 543 1295 vel
563 1226 646 1294 facti
667 1227 856 1314 cuiuslibet,
880 1229 972 1294 haud
998 1228 1179 1295 difficulter
1205 1251 1302 1315 argu·

229 1349 389 1410 mentum
410 1365 541 1410 sumere
558 1352 761 1432 praesumet,
778 1343 995 1444 animosequq
1007 1345 1198 1411 contendat.
1217 1344 1303 1424 Qua

230 1459 394 1543 mobrem,
407 1458 533 1546 siquae
546 1459 590 1526 ab
604 1463 740 1526 auctore
754 1459 947 1547 posterioris
962 1459 1083 1528 aetatis
1098 1459 1301 1544 referuntur,

231 1579 351 1642 contre
372 1597 421 1658 ee,
445 1596 531 1660 quae
553 1597 573 1641 a
596 1581 720 1660 nostro,
743 1574 853 1663 primo
873 1574 1169 1663 expertissimoque
1189 1597 1300 1641 rerum

232 1695 427 1756 nostrarum
442 1690 613 1778 scriptore,
629 1690 750 1756 diffuse
765 1696 977 1775 enarrantur,
991 1713 1061 1758 esse
1082 1689 1300 1758 manifestum

232 1805 292 1888 sit;
317 1809 401 1872 tunc
422 1811 513 1872 certo
539 1806 662 1873 certius
690 1806 895 1894 Ghrcnclogi
924 1806 1034 1874 nostri
1063 1807 1300 1874 auctoritatem

232 1921 340 2008 pluris
354 1920 541 1988 sedendam
556 1944 626 1989 esse
640 1921 813 2005 existim03
830 1927 866 1988 et
884 1944 970 2008 quae
996 1922 1039 1988 ab
1065 1923 1138 2010 ipso
1164 1923 1300 1988 tradun-
1384 1925 1394 1942 ’

233 2041 303 2120 tur,
315 2037 425 2123 megid
441 2059 542 2124 quam
562 2038 639 2122 elie,
655 2037 818 2104 credenda
841 2037 995 2106 arbitror.
1012 2037 1118 2122 Quod,
1134 2023 1264 2124 siquae
1279 2059 1300 2102 a
1322 2091 1326 2106 .

233 2151 425 2240 posterioris
447 2153 568 2220 aetatis
590 2153 793 2238 auctoribus,
809 2159 1020 2238 enarrantur,
1048 2177 1068 2219 a
1094 2159 1210 2220 nostro
1235 2153 1299 2219 sub

233 2267 365 2335 silentio
380 2269 615 2356 praetermissa
630 2269 719 2353 sint3
744 2261 827 2336 tunc
842 2291 951 2337 unum
966 2269 1111 2337 alterum
1133 2270 1298 2356 complere

233 2381 327 2450 facile
349 2385 537 2451 concedam.

274 2498 373 2568 XVI.
389 2539 433 2550 —
453 2500 581 2580 Quanti
605 2522 685 2568 vero
714 2501 777 2568 hoc
805 2500 987 2588 Bergensis
1023 2529 1039 2560 ι
1061 2499 1289 2568 Chronicon»
1340 2514 1422 2568 Quanti
1431 2517 1485 2559 fece·

231 2614 369 2682 fecerint
400 2615 571 2684 Oliveteni
600 2616 787 2705 scriptores,
821 2617 881 2704 qui
910 2622 988 2705 post
1016 2617 1139 2704 ipsum,
1170 2616 1296 2703 ubique
1322 2584 1486 2712 ζὲἶξροιῗζῐηω

231 2732 378 2799 locorum
401 2733 562 2799 derebus
592 2732 717 2800 nostris
748 2733 876 2820 aliquid
899 2734 954 2800 vel
976 2733 1090 2820 praelo
1109 2732 1295 2817 miserunt,

170 2837 175 2848 ’
230 2848 283 2915 vel
304 2847 432 2914 chartis
453 2849 605 2915 nondum
627 2848 664 2915 in
687 2849 795 2915 lucem
818 2849 926 2933 editis,
950 2849 1173 2933 tradiderunt,
1204 2849 1296 2915 haud

229 2963 407 3031 difficulter
429 2963 541 3031 animo
563 2964 757 3053 percipitur.
776 2965 854 3052 Ipse
868 2965 959 3032 enim
982 2964 1173 3051 Bargeneie,
1189 2985 1295 3051 quum

228 3079 356 3166 primus
381 3080 423 3146 de
448 3080 547 3146 rebus
573 3080 698 3146 nostris
723 3080 902 3168 scripserit,
930 3081 973 3147 ab
996 3080 1162 3164 omnibus,
1187 3086 1226 3146 ut
1245 3079 1295 3146 ite

228 3195 345 3280 dicam,
369 3195 521 3284 direptus
542 3193 619 3261 fuit.

270 3311 371 3396 Hinc,
393 3311 432 3378 in
453 3311 536 3379 Vite
561 3313 601 3377 Β.
625 3311 790 3378 Bernardi
819 3311 1015 3396 Ptolomaei,
1046 3311 1295 3400 protoparentis

226 3427 342 3512 nostri,
354 3427 528 3494 collectore
541 3407 721 3514 anonymo,
734 3449 754 3493 a
768 3427 873 3494 Sociis
887 3427 1119 3494 Bollandianis
1130 3428 1177 3512 (1)
1191 3428 1245 3494 edi
1262 3451 1291 3511 a,

226 3543 384 3630 perplura
412 3542 593 3630 Bargousie
624 3543 728 3626 verba
749 3543 942 3609 referimtur
958 3544 1024 3628 (2):
1048 3543 1138 3627 hinc,
1166 3543 1207 3608 D.
1232 3543 1293 3608 Mi-

225 3658 318 3724 cheel
340 3657 496 3746 Angelus
518 3659 767 3727 Bcnliavertius
790 3659 826 3747 (†
843 3659 942 3741 1610)
965 3659 1008 3725 ab
1026 3665 1161 3726 auctore
1175 3664 1291 3726 nostro

225 3772 292 3840 fere
323 3773 438 3840 omnia
467 3774 613 3862 sumpsit
627 3775 692 3858 (3);
723 3774 827 3840 abbas
857 3773 1030 3841 Secundus
1059 3775 1291 3842 Lancellottus

226 3889 378 3976 (†1642)
401 3889 535 3976 antiqui
556 3889 696 3958 huiusce
717 3890 914 3976 chronologi
936 3890 1172 3957 auctoritatem
1191 3896 1291 3958 testa·

259 4144 299 4219 (l)
317 4145 493 4218 course,
513 4147 588 4203 Acta
605 4147 674 4220 Su,
694 4147 834 4219 Augusti
858 4152 933 4206 tom.
953 4147 998 4204 IV
1018 4147 1076 4223 [die
1095 4147 1172 4205 XXI
1191 4148 1286 4223 angl,

224 4232 372 4306 venetiis,
392 4233 572 4307 MDOOLII,
591 4253 619 4308 p.
638 4237 693 4292 475
711 4253 794 4308 seqq.

257 4323 296 4395 (2)
315 4323 491 4396 Bonnam,
510 4342 555 4396 op.
576 4326 637 4398 cit,
657 4343 687 4398 p.
707 4325 771 4397 486,
792 4325 854 4382 487.

256 4411 292 4482 (3)
311 4411 534 4484 Bortnvnsrl,
553 4413 587 4468 Il
601 4414 770 4469 miracolosc
790 4414 940 4486 principio
958 4416 992 4470 de
1010 4417 1039 4472 lo
1063 4413 1286 4489 Conprepotr'onc

221 4497 254 4553 ct·
270 4497 302 4556 S.
321 4499 425 4557 Morio
442 4502 475 4557 di
492 4501 685 4575 Montols'veto,
705 4503 846 4574 Ferrara,
866 4501 989 4573 MDOV,
1004 4505 1124 4579 poesim.
