3642 5510
499 585 537 645 in
559 586 777 659 spalterium
797 583 1067 646 Montollvetease
1121 619 1123 626 ·
1267 597 1316 644 xv

249 695 410 709 u—-u-

248 781 342 850 oollis
363 781 461 848 dorso
482 779 612 847 modioo
635 779 739 846 turris
761 783 872 846 erecta
893 783 945 845 est
967 777 1122 862 lateritia,
1147 801 1232 866 quae
1251 799 1318 845 om·

249 919 328 964 nem
350 896 507 986 prohibet
529 917 696 962 aceessum
719 917 789 962 non
811 894 967 979 amioum,
992 900 1027 960 et
1049 893 1138 961 fossa
1163 894 1316 978 deducta,

250 1035 337 1101 quae
358 1013 395 1079 in
409 1018 593 1102 utrumque
607 1012 809 1079 barathrum
832 1011 959 1078 emittit
974 1033 1088 1098 aquas,
1104 1032 1144 1076 ea
1158 1015 1255 1098 parte
1268 1032 1319 1077 oo-

249 1129 448 1216 niungitur3
473 1150 540 1215 quo
555 1129 688 1195 sublato
706 1127 794 1194 nulli
808 1133 903 1215 patet
925 1127 967 1194 ad
985 1126 1172 1194 coenobium
1196 1119 1317 1193 aditus.

250 1244 398 1313 Deolivis
419 1250 472 1311 est
504 1245 607 1328 collis,
638 1249 673 1309 et
702 1244 739 1310 in
765 1243 874 1310 medio
907 1243 1020 1310 nobile
1049 1243 1215 1330 templum
1244 1264 1320 1310 oon·

251 1366 429 1446 structum,
460 1367 496 1427 et
530 1361 621 1428 iusta
651 1360 893 1428 monachorum
922 1359 1100 1444 ooenaoula,
1131 1358 1320 1426 deambula

251 1476 348 1562 toria,
371 1477 521 1565 portione
544 1481 579 1543 et
601 1477 715 1544 omnia
745 1475 955 1544 offieinarum
985 1497 1119 1564 genera,
1152 1498 1237 1563 quae
1266 1497 1320 1540 ne-

252 1591 396 1660 cessaria
417 1593 566 1680 religiosi
580 1593 730 1660 ducunt:
754 1593 841 1658 nihil
862 1613 932 1662 non
946 1591 1132 1678 egregium,
1148 1591 1235 1657 nihil
1251 1611 1320 1657 non

251 1708 410 1794 nitidum,
434 1714 469 1775 et
492 1709 581 1796 quod
604 1729 674 1776 non
696 1708 816 1796 cupide
830 1707 1003 1775 intuearis.
1028 1707 1163 1794 Agrum
1181 1707 1272 1774 huno
1287 1716 1321 1774 et

252 2009 368 2066 morari
390 2026 453 2066 non
471 2014 641 2083 pateretur,
661 2028 772 2082 magna
795 2027 867 2068 eum
892 2027 1081 2083 prosequens
1106 2009 1321 2066 comitantium

253 2099 444 2155 multitudo:
465 2117 536 2154 nam
554 2099 614 2155 viri
632 2100 805 2156 intererant
823 2100 989 2172 plusquam
1005 2099 1138 2154 trecenti
1151 2116 1222 2154 oum
1235 2099 1322 2171 equis

253 2188 397 2245 ducentis
415 2187 528 2258 viginti
545 2193 578 2244 et
596 2189 737 2260 amplius,
757 2189 903 2244 salutatis
919 2187 1080 2260 fratribus,
1095 2188 1220 2260 illisque
1233 2187 1323 2244 bene·

254 2279 356 2349 dietis,
380 2283 412 2334 et
437 2284 500 2334 tam
525 2279 592 2352 ipso
618 2297 711 2351 qnam
736 2277 858 2335 ooeteris
883 2279 1132 2350 eongregationis
1150 2279 1272 2334 fervore
1291 2283 1324 2334 et

254 2367 418 2424 devotione
442 2385 627 2440 magnopere
650 2367 682 2422 in
705 2367 847 2424 interiori
871 2367 994 2424 homine
1017 2367 1194 2438 aedificatis,
1214 2367 1251 2422 ad
1270 2368 1325 2422 Pe·

254 2457 341 2512 trioli
353 2455 462 2512 balnea
480 2473 535 2528 pro
554 2456 696 2512 lenienda
709 2456 890 2512 infirmitate
903 2455 1115 2527 profecturus,
1129 2455 1177 2511 die
1190 2455 1325 2511 secunda
1378 2530 1380 2534 Ι

255 2550 422 2618 postquam
444 2545 522 2601 illue
544 2549 673 2601 venerat
697 2544 861 2619 (fratribus
880 2561 979 2616 usque
999 2545 1037 2600 ad
1055 2544 1210 2600 Palatium
1228 2545 1262 2600 in
1279 2545 1324 2600 in·

253 2635 355 2690 troitu
381 2633 499 2690 Montis
527 2634 623 2690 situm
650 2635 782 2707 propriis
804 2634 837 2690 in
858 2631 997 2690 humeris
1018 2651 1090 2689 eum
1115 2633 1324 2707 portantibus)

255 2722 446 2780 abscessit.»
464 2723 531 2778 Fol.
552 2723 597 2794 31,
618 2723 664 2778 32.
1027 2717 1031 2724 '

291 2813 337 2868 De
349 2811 407 2868 hao
420 2811 579 2884 pontifioia
596 2811 785 2880 visitatione,
804 2813 870 2885 ipse
888 2811 1033 2867 Summus
1046 2810 1192 2868 Pontifex
1205 2811 1281 2867 Pius
1292 2811 1325 2867 11

256 2900 444 2958 montionem
471 2900 537 2973 agit
563 2901 596 2956 in
624 2900 757 2973 quodam
780 2901 966 2957 adnostros
989 2899 1165 2973 diplomate,
1190 2899 1326 2956 Petreoli

257 2989 340 3062 dato,
359 2988 409 3045 111
427 3006 525 3045 nones
544 2988 689 3061 ootobris,
703 3006 784 3045 anno
802 2989 978 3044 MODLXH
997 2990 1165 3061 (Reorsra.
1180 2987 1324 3056 onwan,

256 3079 300 3150 ΙΙ,
324 3079 369 3150 40,
390 3079 443 3151 42;
471 3078 639 3150 Prioileqia
661 3077 772 3134 Sacrae
799 3077 905 3151 conpr.
930 3077 1063 3134 Monaelr.
1088 3079 1121 3133 S.
1140 3077 1189 3156 ¹M.
1216 3076 1326 3131 Montis

262 3167 377 3238 oliveti,
397 3165 563 3237 Bononiae,
583 3166 774 3238 MDLXXX,
795 3185 824 3240 p.
845 3168 961 3242 51-58);
983 3170 1082 3224 nostri
1100 3171 1205 3224 autem
1224 3184 1327 3222 mona-

258 3255 309 3312 ehi
321 3257 497 3312 memoriam
515 3273 655 3329 posuere,
675 3255 709 3312 in
727 3255 827 3328 lapide
846 3257 1011 3329 sculptam,
1025 3274 1119 3330 super
1137 3254 1325 3326 monasterii,

258 3364 367 3403 vorsus
386 3347 583 3418 clausuram,
603 3345 762 3419 parietem,
781 3345 840 3402 hoo
859 3345 967 3402 modo:

467 3600 532 3653 vr
566 3599 895 3653 monanNTA
928 3597 1015 3650 rvr
1052 3597 1120 3650 MA

469 3724 607 3778 NEANT
627 3725 729 3793 Psper)
748 3723 847 3778 SCLA
858 3725 991 3788 (saecula)
1007 3722 1121 3776 NOBIS

343 3923 351 3934 Ι
471 3847 672 3901 mvnnnrs
708 3847 753 3900 IN
789 3837 992 3913 ararium)
1030 3847 1120 3900 Hoc

470 3971 576 4025 srAT
604 3970 715 4038 rano
746 3931 960 4024 Persem

671 4111 673 4116 ’
743 4097 852 4160 1462.

264 4336 352 4402 Quod
370 4342 605 4392 monumentum
620 4335 720 4392 adhue
739 4334 771 4390 in
791 4333 895 4390 eodem
914 4333 983 4389 loeo
1003 4333 1202 4406 conspicitur,
1217 4347 1329 4386 mamo-

264 4424 339 4479 riam
366 4423 487 4480 dierum
514 4423 730 4480 XXIX-XXX
757 4422 944 4494 Septembris
972 4421 1157 4491 MCDLXII,
1186 4417 1328 4475 omnibus

263 4512 439 4586 indigitans.
