3642 5510
493 599 557 650 x1v
940 585 1116 658 Praefatio

1405 696 1563 706 ———.

546 811 561 840 «
583 781 735 849 Ventum
757 785 809 848 est
839 781 882 847 ad
910 781 1163 866 monasterium,
1196 781 1252 848 cui
1281 781 1408 848 Montis
1439 781 1565 850 Oliveti

496 919 621 964 nomen
647 896 806 980 indidere,
831 897 920 984 quod
943 918 1012 963 non
1035 897 1152 984 procul
1174 897 1217 963 ab
1239 896 1399 985 oppidulo
1430 895 1565 964 Clausu-

495 1035 552 1080 rae
575 1013 693 1100 (naum
716 1011 888 1100 Obiusuri)
911 1012 1007 1097 iacet,
1031 1011 1126 1079 cuius
1148 1035 1281 1080 caseum
1303 1011 1393 1078 inter
1419 1011 1563 1100 optimos

497 1129 596 1195 Tusci
611 1129 750 1195 ducunt.
767 1128 860 1216 Situs
874 1128 1069 1195 monasterii
1084 1128 1122 1194 in
1138 1129 1230 1195 hunc
1249 1128 1387 1195 modum
1401 1109 1437 1194 se
1451 1128 1562 1194 habat.

496 1244 599 1311 Collis
622 1245 775 1312 sublimis
797 1250 857 1329 est,
882 1245 924 1311 ad
940 1245 1144 1312 occidentem
1167 1244 1346 1333 respiciens
1369 1245 1483 1332 topho,
1499 1265 1564 1310 cre

495 1366 598 1448 taque
619 1367 821 1449 compactus,
838 1361 947 1430 stadio
966 1360 1098 1427 circiter
1111 1361 1243 1448 longus,
1259 1359 1441 1428 latitudine
1455 1360 1563 1426 multo

495 1477 615 1545 minor.
640 1476 677 1542 Si
698 1477 842 1544 formam
865 1477 1007 1564 quaeris,
1037 1482 1212 1544 castaneae
1234 1476 1355 1545 folium
1385 1475 1560 1542 imitatur:

496 1593 646 1680 undique
668 1615 768 1681 rupes
797 1593 835 1660 in
863 1594 1025 1660 barathra
1050 1597 1200 1682 pergunt
1229 1591 1501 1682 profundissima,
1524 1591 1561 1657 in

496 1729 582 1796 quae
603 1709 722 1776 horror
748 1710 793 1776 sit
816 1709 981 1798 aspicere:
1012 1731 1080 1796 qua
1101 1709 1257 1797 iungitur
1279 1709 1427 1796 reliquae
1456 1713 1563 1776 terrae

497 2028 582 2067 scere
600 2029 663 2068 non
681 2011 875 2084 dedignatur.
895 2011 1077 2068 Gaudebant
1098 2027 1204 2068 omnes
1222 2010 1255 2066 in
1273 2009 1415 2079 Domino,
1437 2014 1469 2064 et
1487 2023 1564 2080 quos

498 2100 579 2156 tanti
606 2101 738 2173 hospitis
765 2100 951 2157 nobilitabat
978 2100 1160 2174 praesentia,
1187 2099 1345 2172 spirituali
1370 2085 1564 2155 exultatione

497 2189 703 2245 laetabantur.
724 2191 793 2246 Non
812 2196 916 2246 antem
940 2190 972 2246 in
998 2190 1066 2246 loco
1090 2207 1145 2262 pro
1166 2189 1370 2264 suscipiendis
1388 2187 1564 2260 hospitibus

497 2282 688 2350 praeparato,
709 2277 762 2334 aad
780 2279 814 2334 in
832 2278 997 2335 refectorio
1016 2284 1049 2335 et
1066 2279 1161 2335 simul
1180 2295 1251 2334 cum
1269 2276 1421 2333 fratribus
1434 2275 1581 2332 domnus'

498 2368 580 2439 Papa
590 2367 782 2422 refecturum
792 2385 825 2424 se
835 2367 1010 2425 denuntiat.
1019 2366 1080 2424 Ubi
1087 2383 1160 2423 vero
1171 2367 1207 2423 de
1217 2365 1396 2422 monasterii
1406 2364 1565 2436 totiusque

501 2455 751 2528 congregationis
768 2456 994 2512 consuetudine
1009 2461 1041 2511 et
1053 2459 1174 2511 statuto
1188 2454 1345 2526 cognovit,
1359 2470 1421 2526 quo
1434 2470 1489 2526 pro
1502 2469 1566 2508 sae·

499 2544 659 2600 cularibus
678 2561 785 2600 carnes
804 2544 836 2599 in
855 2543 972 2600 nostris
984 2543 1180 2600 monasteriis
1192 2543 1376 2616 praeparari,
1389 2541 1440 2598 vel
1452 2541 1489 2598 ab
1502 2540 1566 2596 illis

498 2631 616 2694 comedi
632 2633 825 2706 prohibetur,
840 2633 998 2690 mandavit
1010 2639 1074 2689 tam
1087 2652 1105 2688 a
1117 2649 1160 2704 se,
1175 2650 1267 2704 quam
1280 2631 1317 2687 ab
1331 2631 1380 2687 his
1393 2630 1446 2704 qui
1459 2647 1564 2687 secum

498 2721 634 2789 aderant,
655 2721 713 2777 hoc
733 2721 857 2778 omnino
871 2720 1029 2778 observari
1041 2721 1162 2792 debere,
1177 2719 1341 2777 ostendens
1354 2737 1417 2774 non
1429 2718 1468 2774 ad
1480 2736 1566 2775 scan-

498 2812 602 2866 dalum
626 2811 684 2867 Dei
705 2811 833 2868 famulis
855 2811 1060 2876 inferendum,
1079 2809 1177 2882 quum
1201 2816 1306 2866 tamen
1327 2809 1385 2866 sub
1413 2808 1471 2864 hac
1498 2807 1565 2880 lege

498 2919 561 2956 non
579 2918 646 2957 esse
664 2901 729 2972 ipse
749 2900 951 2970 constitutus,
967 2901 1020 2957 sed
1038 2900 1076 2956 ad
1094 2899 1290 2974 spiritualem
1307 2899 1371 2956 illis
1384 2897 1566 2955 consolatio·

498 3007 568 3046 nem
587 2989 784 3046 tribuendam
802 3007 834 3046 aa
853 2989 1030 3062 adveniss05
1052 3007 1108 3046 nec
1127 2995 1190 3045 tam
1210 2990 1400 3063 corporalem
1416 2989 1477 3046 cibi
1489 2988 1565 3045 refe·

499 3077 643 3147 ctionem,
664 3094 756 3149 quam
780 3076 960 3134 interiorem
978 3077 1097 3133 animae
1116 3077 1149 3133 in
1167 3077 1226 3132 hoc
1245 3094 1303 3133 suo
1321 3076 1459 3133 adventu
1477 3075 1566 3132 devo·

499 3166 615 3222 tionem
634 3184 790 3238 quaerere.
812 3168 853 3222 Et
871 3167 916 3222 ita
933 3167 1052 3222 factum
1074 3171 1131 3222 est.
1152 3167 1190 3222 In
1208 3166 1372 3222 refectorio
1391 3165 1473 3222 enirn
1495 3181 1566 3220 eum

499 3255 707 3311 cardinalibus
733 3255 876 3327 plurimis
896 3261 935 3326 ‚et
962 3256 1109 3311 universo
1133 3255 1269 3312 fratrum
1290 3259 1447 3312 conventu
1469 3253 1565 3310 eidem

499 3339 650 3400 reficienti
669 3343 730 3400 cibi
749 3344 916 3412 (monachis
929 3344 1191 3415 ministrantibus)
1204 3350 1412 3417 apponuntur,
1425 3361 1487 3400 non
1500 3343 1566 3416 qui·

499 3432 568 3488 dem
594 3432 728 3504 delicati,
752 3438 808 3488 aut
836 3433 943 3504 quales
971 3453 989 3489 a
1016 3433 1188 3490 curialibus
1212 3432 1370 3506 splendide
1391 3431 1567 3506 praeparari

499 3521 609 3588 solent,
628 3519 681 3576 sed
704 3521 819 3594 quibus
842 3540 897 3594 pro
922 3527 1046 3578 sanctae
1071 3522 1198 3594 regulae
1221 3527 1344 3579 nostrae
1362 3521 1564 3594 ordinatione,

499 3610 642 3666 monachi
654 3611 738 3666 vesci
751 3627 949 3668 consuevere.
964 3610 1105 3666 Mirabile
1119 3610 1243 3683 quidem
1257 3610 1422 3667 videbatur
1433 3610 1467 3666 in
1479 3615 1567 3667 tanta

379 3697 386 3706 '
500 3697 674 3766 altitudine,
693 3699 775 3754 etin
794 3705 858 3755 tam
876 3699 1043 3757 excellenti
1060 3699 1207 3772 culmine,
1221 3705 1286 3755 tam
1303 3699 1491 3771 profundam
1508 3699 1566 3754 hu-

500 3789 664 3846 militatem
683 3793 715 3843 et
732 3789 1002 3848 mansuetudinem
1014 3796 1078 3846 tam
1091 3789 1237 3862 grandem
1255 3788 1382 3845 intueri.
1403 3789 1565 3846 Fratribus
1621 3835 1627 3846 .

498 3883 569 3952 post
588 3877 663 3934 haec
681 3877 861 3950 spirituales
880 3879 995 3952 gratias
1016 3878 1199 3950 singulatim
1217 3877 1395 3950 petentibus
1413 3877 1567 3949 benignis·

500 3968 575 4024 sime
594 3972 626 4024 et
643 3967 865 4024 humanissime
877 3967 1012 4040 largitus
1024 3973 1080 4039 est,
1094 3966 1215 4024 dicens:
1231 3965 1390 4022 Vellemus
1402 3966 1566 4040 (quantum

500 4057 533 4112 in
551 4055 640 4118 nobis
659 4058 716 4127 est)
735 4055 773 4112 ad
792 4055 946 4112 coelestem
967 4055 1099 4129 patriam
1121 4074 1176 4113 vos
1200 4073 1305 4112 omnes
1323 4055 1457 4112 libenter
1475 4055 1566 4111 desti·

499 4163 581 4201 nare.
603 4144 779 4202 Universali
802 4148 961 4217 praeterea
983 4151 1107 4202 nostrae
1131 4145 1364 4218 congregationi
1382 4143 1517 4218 plurima
1535 4148 1567 4199 et

498 4232 621 4306 quidem
640 4232 840 4306 amplissima,
855 4233 1020 4307 qualiaque
1033 4233 1301 4306 praedecessorum
1314 4250 1443 4289 suorum
1456 4232 1565 4288 nullus

499 4323 588 4379 nobis
614 4328 817 4394 concesserat,
842 4323 1013 4396 privilegia,
1039 4323 1249 4396 exemptiones
1272 4330 1304 4378 et
1326 4323 1563 4390 immunitatem,

499 4417 623 4484 patrum
646 4417 824 4468 nostrorum
848 4411 1126 4485 supplicationibus
1151 4411 1388 4468 clementissime
1414 4427 1565 4482 annuens,

500 4501 587 4573 larga
605 4519 699 4560 manu
717 4501 940 4574 gratiosissime
958 4501 1104 4559 indulxit.
1125 4502 1264 4574 Cumque
1282 4519 1354 4558 eum
1378 4499 1423 4556 ibi
1447 4499 1566 4556 diutius
