3646 5520
517 533 559 596 52
878 537 1022 604 Antonii
1040 539 1227 616 Raram

517 727 568 792 est
594 729 629 790 in
649 731 847 794 monasterio
867 734 985 796 Sancte
1005 735 1109 798 Maria
1130 735 1249 798 montis
1269 738 1341 799 Mor
1357 733 1361 816 1
1378 737 1441 800 eini
1463 737 1503 800 de
1524 739 1584 800 Pe·

517 835 607 898 rosio
621 833 679 916 (l).

975 992 1117 1054 XXIX.

555 1135 738 1216 vigesimus
758 1153 863 1202 nonus
882 1139 981 1202 abbas
1001 1139 1064 1204 fuit
1083 1140 1188 1206 irater
1206 1142 1353 1205 Andreas
1371 1142 1410 1205 de
1424 1142 1580 1219 Bononia,

514 1243 548 1305 et
568 1243 610 1306 du
626 1241 632 1325 Ι
650 1244 741 1308 ravit
758 1245 852 1308 annis
872 1243 977 1310 tribus
991 1245 1050 1327 (2).
1071 1248 1174 1310 Huius
1194 1247 1341 1328 tempore
1360 1247 1509 1312 habitum
1529 1250 1580 1314 est

513 1475 652 1532 Romane
670 1474 808 1532 Euoleaie
830 1475 978 1534 diaeum
995 1475 1160 1536 nardinalis
1179 1477 1456 1536 sommendatarius
1474 1495 1579 1552 perpe·

513 1567 589 1620 tuus
603 1563 783 1620 monasterii
795 1565 896 1620 saneti
908 1564 1012 1622 Severi
1022 1571 1110 1622 extra
1119 1583 1223 1622 mures
1236 1566 1450 1623 Urbevetanos
1463 1566 1577 1622 ordinis

512 1651 817 1709 Premonstratensis.
837 1651 1015 1710 Venerabili
1040 1655 1073 1710 in
1097 1641 1222 1710 Christo
1245 1654 1327 1728 patri
1345 1661 1378 1711 et
1396 1655 1505 1710 domno
1524 1655 1576 1710 Jo-
1644 1662 1646 1668 ’

511 1740 607 1796 hanni
626 1740 731 1796 abbati
748 1741 927 1798 monasterii
945 1748 1124 1798 sanctorum
1136 1742 1273 1816 Philippi
1285 1748 1317 1800 et
1331 1743 1352 1799 J
1353 1743 1441 1799 aoobi
1453 1743 1489 1798 de
1501 1743 1577 1799 villa

511 1828 655 1900 Ruffene,
675 1829 792 1886 ordinis
810 1831 926 1888 Montis
944 1831 1069 1904 Oliveti,
1081 1831 1201 1888 'arretina
1218 1831 1359 1903 diocesis,
1373 1831 1406 1886 in
1419 1831 1502 1887 dioto
1515 1849 1577 1888 mo·

510 1917 647 1974 nestorio
664 1918 764 1976 saneti
781 1919 885 1976 Severi
903 1920 1097 1993 procuratori
1114 1925 1232 1992 nostro,
1251 1920 1385 1976 salutem
1403 1919 1435 1976 in
1454 1919 1575 1978 domino

510 2007 735 2079 sempiternam.
754 2007 882 2064 Plenius
900 2009 1059 2066 informati
1078 2009 1161 2082 quod
1176 2026 1243 2081 vos,
1262 2026 1368 2068 omnes
1386 2014 1419 2066 et
1436 2008 1576 2080 singulos

510 2095 646 2168 fruetus,
666 2096 805 2153 redditus
824 2103 856 2152 et
874 2103 1044 2170 proventus
1063 2097 1200 2154 eiusdem
1218 2097 1399 2154 monasterii
1416 2099 1516 2154 sanati
1528 2097 1576 2152 Se·
1645 2153 1647 2157 .

509 2185 585 2255 veri,
604 2184 703 2257 nobis,
726 2191 764 2240 ut
787 2184 991 2258 premittitur,
1014 2185 1229 2257 eommendati‚
1255 2203 1309 2258 per
1336 2203 1392 2242 vos
1419 2202 1518 2257 usque
1543 2184 1576 2240 in

510 2279 683 2344 presentem
708 2273 789 2344 diem
813 2274 1101 2346 quomodooumque
1123 2273 1257 2343 habitos,
1282 2279 1416 2344 exectos,
1437 2278 1575 2345 reoeptos

509 2367 542 2417 et
559 2363 687 2433 levatos,
701 2380 756 2436 pro
770 2362 906 2419 evidenti
918 2362 1101 2420 neeessitate
1113 2362 1196 2434 usui,
1210 2361 1311 2419 victui
1323 2367 1356 2418 et
1367 2363 1486 2419 vestitu
1498 2365 1577 2418 eiua·

509 2452 577 2508 dem
596 2450 783 2523 monasterii,
798 2449 1020 2512 monaehorum
1039 2455 1071 2506 at
1089 2455 1269 2522 eonventus,
1289 2469 1325 2506 ao
1344 2451 1420 2506 alias
1432 2451 1465 2506 in
1477 2450 1574 2522 ipsius

508 2540 688 2597 monasterii
703 2539 875 2596 evidentem
894 2537 1074 2611 utilitatem,
1089 2539 1282 2596 commodum
1301 2544 1333 2595 et
1351 2539 1574 2611 reparationem

507 2629 702 2701 integraliter
720 2628 909 2698 exposuistis
927 2632 960 2683 et
977 2627 1186 2700 dispensastis.
1199 2627 1304 2698 Igitur
1321 2643 1376 2700 per
1394 2645 1451 2683 nos
1463 2632 1496 2682 et
1507 2643 1574 2683 suo·

508 2734 644 2774 sessores
666 2721 789 2774 nostros
812 2716 848 2774 de
872 2715 1052 2772 huiusmodi
1075 2716 1241 2786 fruetibus,
1260 2715 1433 2774 redditibus
1454 2719 1487 2772 et
1506 2731 1573 2787 pro·

507 2806 663 2876 ventibus,
682 2823 738 2863 vos
757 2811 788 2861 et
806 2821 999 2861 successores
1017 2810 1138 2861 vestroe
1156 2805 1342 2876 quietamus,
1356 2803 1524 2859 liberamus
1542 2807 1573 2858 et

507 2893 707 2965 absolvimus,
728 2911 763 2949 ao
781 2893 917 2966 fruetus,
937 2893 1076 2948 redditus
1096 2910 1130 2948 ao
1142 2897 1313 2964 proventus
1325 2891 1506 2948 huiusmodi
1517 2908 1571 2964 pro

506 2982 700 3052 necessitate,
719 2999 790 3052 usu,
809 2981 898 3038 viotu
919 2986 951 3037 et
972 2981 1092 3037 vestitu
1110 2980 1264 3052 predictis,
1286 2995 1320 3036 ao
1338 2980 1372 3035 in
1391 2979 1569 3050 utilitatem,

507 3070 701 3130 commodum
719 3075 751 3126 et
768 3069 1003 3142 reparationem,
1022 3068 1106 3126 siout
1128 3067 1308 3141 predioitur,
1328 3085 1383 3141 per
1406 3083 1463 3126 vos
1483 3085 1572 3140 expo·

506 3158 583 3214 sitos
602 3163 635 3214 et
653 3158 843 3230 dispensatos
867 3158 966 3214 fuisse
990 3162 1021 3214 et
1045 3173 1113 3214 esse
1137 3157 1331 3228 eonfitemur,
1354 3161 1387 3214 et
1410 3161 1573 3212 oontentos

505 3263 662 3302 vetamus.
677 3247 727 3302 Ita
745 3247 827 3318 quod
844 3245 881 3302 de
899 3245 963 3301 illis
975 3245 1064 3302 nobis
1083 3250 1115 3302 et
1132 3245 1364 3302 suecessoribus
1377 3243 1494 3302 nostris
1506 3260 1571 3316 pre·

506 3335 607 3406 dietis,
627 3339 684 3392 aut
701 3334 875 3392 monarohis
893 3340 925 3394 et
942 3333 1111 3392 aouuentui
1129 3332 1436 3406 prefatiarationem
1448 3338 1482 3388 et
1493 3349 1571 3388 oom-

506 3428 619 3494 putum
636 3423 771 3495 reddere,
789 3423 840 3480 vel
858 3423 1027 3494 ostendere,
1041 3440 1098 3479 sen
1112 3422 1159 3494 de,
1180 3427 1213 3478 et
1230 3439 1286 3494 pro
1304 3421 1368 3478 illis
1387 3420 1571 3480 satisfaotio·

505 3527 576 3568 nem
593 3511 729 3584 aliquam
747 3511 850 3568 faeere
867 3512 1049 3568 nullatenus
1068 3511 1244 3566 teneamini.
1265 3509 1303 3566 In
1321 3526 1454 3582 quorum
1469 3509 1569 3581 fidem,

505 3599 602 3654 robur
619 3605 651 3655 et
668 3599 883 3658 testimonium
905 3600 1151 3674 praemissorum,
1171 3604 1329 3672 presentes
1351 3597 1474 3656 litteras
1492 3597 1569 3668 fieri,

504 3694 537 3742 et
554 3692 671 3758 nostro,
689 3706 752 3760 quo
770 3689 900 3761 utimur,
920 3688 1130 3762 impressione,
1145 3687 1258 3759 sigillo,
1273 3687 1422 3746 iussimus
1435 3703 1570 3742 eommu-

504 3774 575 3834 niri.
596 3777 712 3832 Datum
730 3776 829 3832 Rome
846 3777 929 3849 apud
946 3782 1088 3836 sanetum
1101 3777 1250 3846 Marsum,
1264 3776 1298 3834 in
1310 3775 1451 3834 domibus
1464 3779 1570 3834 nostre

505 3863 596 3920 solite
615 3863 788 3935 residentia,
802 3864 860 3922 sub
880 3883 960 3922 anno
973 3883 992 3922 a
1002 3863 1168 3924 nativitate
1182 3863 1307 3922 Domini
1319 3863 1484 3926 temerino
1496 3879 1571 3934 qua·

504 3951 745 4024 dringentesimo
758 3953 991 4024 quadragesimo
1000 3971 1092 4022 nouo,
1102 3952 1151 4008 die
1159 3951 1289 4024 sabbati,
1299 3950 1445 4008 vicesima
1456 3950 1570 4009 mensis

504 4039 683 4110 decembris,
703 4041 903 4112 pontifieatua
915 4040 1102 4098 amatissimi
1119 4039 1152 4096 in
1171 4037 1294 4096 Christo
1306 4039 1409 4100 Patris
1422 4045 1454 4095 et
1465 4037 1570 4099 domni

503 4126 603 4186 nostri
630 4127 734 4184 domni
762 4128 883 4186 Nieolai
906 4129 1009 4186 divina
1036 4128 1230 4201 providentie
1256 4141 1333 4200 pape
1356 4126 1469 4198 quinti,
1488 4141 1568 4190 anno

503 4216 609 4274 tertio.
629 4215 820 4276 »Euersam
841 4215 943 4289 Oua,
962 4217 1005 4288 11,
1023 4218 1069 4278 el.
1091 4229 1095 4241 ·

539 4301 579 4374 (1)
598 4301 682 4359 Obiit
700 4319 779 4360 anno
799 4304 870 4360 1433
888 4303 1011 4376 (Neorol.
1037 4305 1119 4374 ozia,
1140 4304 1177 4361 ad
1195 4304 1332 4377 annum).

539 4389 579 4462 (2)
598 4388 626 4446 Δ
644 4387 713 4448 Kal
733 4389 806 4450 maii
824 4391 895 4448 1426
913 4391 951 4448 ad
968 4391 1040 4450 Kal.
1060 4392 1155 4450 malas
1175 4391 1254 4448 1429.
