3646 5520
518 473 559 533 72
962 477 1143 552 apparata

513 672 547 736 et
560 672 706 735 ordinem
718 671 844 752 pretate
853 675 998 737 Romane
1008 675 1160 748 Ecclesie,
1171 675 1270 753 possit
1284 675 1434 755 deinceps
1447 678 1484 740 in
1500 677 1592 740 dicto

515 779 712 842 monasterio
725 779 765 844 de
778 780 889 842 Monte
903 779 1030 854 Oliveti,
1044 780 1185 844 odicium
1203 781 1372 856 celebrari,
1386 783 1592 847 auctoritate

513 885 723 966 presentium,
736 886 890 950 duximus
903 885 1144 966 indulgendum.
1160 888 1249 956 Quod
1262 887 1361 952 etiam
1375 890 1590 954 concedimus

512 992 619 1055 abbati
641 993 675 1056 et
694 993 870 1056 conventui
883 993 1046 1071 predictis,
1067 993 1101 1055 in
1122 1009 1236 1058 eornm
1260 995 1414 1059 membris
1434 998 1467 1060 et
1481 1012 1589 1076 gran-

510 1099 578 1174 ciis,
599 1101 666 1162 tam
687 1099 808 1162 habitis
828 1115 925 1180 qnam
949 1098 1116 1174 habendis,
1137 1100 1171 1163 ot
1190 1100 1310 1180 ubique
1329 1101 1473 1165 locorum
1494 1103 1587 1166 dicte

509 1207 653 1279 dicrasis,
674 1207 729 1269 ubi
749 1221 804 1270 eos
826 1221 897 1269 esse
917 1205 1092 1285 contigerit
1111 1205 1165 1270 vel
1186 1207 1316 1270 morari.
1335 1209 1456 1277 Quarto
1469 1209 1584 1272 adhuc

508 1313 655 1392 petitioni
669 1328 782 1375 eornm
796 1312 948 1375 duximus
962 1313 1181 1386 annuendum,
1195 1313 1356 1388 videlicet,
1370 1316 1453 1393 quod
1466 1316 1580 1389 abbas,

507 1418 688 1482 conventus
701 1419 736 1481 et
749 1419 981 1482 monasterium
1000 1419 1125 1497 possint
1141 1420 1294 1499 grancias
1308 1421 1348 1483 ab
1361 1419 1577 1485 offerentibus

507 1526 579 1588 illas
599 1526 776 1605 percipere,
797 1527 832 1589 et
850 1524 983 1600 habere,
1003 1525 1038 1589 et
1057 1525 1168 1592 usibus
1182 1525 1259 1590 dicti
1272 1527 1461 1590 monasterii
1473 1529 1578 1607 appli-

506 1649 593 1706 care,
606 1633 640 1696 et
652 1633 688 1696 in
701 1633 779 1711 ipsis
792 1631 961 1696 celebrare
974 1632 1079 1696 officia
1093 1634 1126 1697 et
1141 1632 1249 1698 tacere
1262 1632 1438 1708 celebrari;
1455 1635 1574 1714 quibus

505 1739 649 1818 granulis
669 1739 800 1813 habitis,
813 1739 905 1818 sique
926 1737 1012 1812 sunt,
1026 1741 1060 1802 et
1073 1739 1231 1803 habendis
1244 1740 1279 1802 in
1293 1741 1468 1819 posterum,
1482 1741 1572 1802 illam

503 1844 742 1909 immunitatem
770 1845 804 1909 et
830 1845 1015 1909 libertatem
1041 1847 1257 1920 concedimus,
1284 1864 1381 1927 quam
1409 1845 1569 1910 hactenus

502 1953 719 2016 concessimus
738 1951 936 2016 monasterio
956 1952 1151 2030 supradicto,
1170 1954 1327 2032 tanquam
1347 1952 1567 2032 spiritualibus

502 2059 654 2122 membris
674 2058 864 2122 monasterii
884 2058 1048 2120 antedicti.

539 2166 716 2244 Propterea
728 2165 767 2228 ut
780 2165 1011 2228 monasterium
1027 2165 1131 2244 ipsum
1145 2165 1185 2228 de
1199 2165 1310 2228 Monte
1320 2164 1448 2240 oliveti,
1458 2165 1563 2238 abbas,

498 2271 620 2334 iratres
640 2272 674 2335 et
693 2273 876 2334 conventus
889 2272 1033 2334 eiusdem
1047 2271 1081 2333 in
1094 2271 1246 2334 libertate
1265 2271 1366 2350 petita
1379 2272 1563 2350 persistant,

496 2379 531 2442 et
543 2381 609 2441 Deo
623 2379 726 2441 libere
738 2377 872 2440 valeant
884 2377 1047 2451 famulari,
1061 2378 1262 2455 presentium
1280 2377 1486 2451 auctoritate,
1500 2393 1564 2440 mo-

496 2501 611 2548 nemus
631 2500 743 2548 omnes
763 2483 797 2548 et
817 2483 973 2563 singulos,
993 2483 1061 2544 tam
1081 2484 1217 2546 clericos
1238 2499 1334 2562 quam
1355 2484 1464 2562 laycos
1485 2483 1563 2546 civi-

493 2591 572 2654 tatis
592 2591 625 2654 et
645 2590 780 2654 diocesis
800 2590 945 2662 Aretine,
965 2591 1196 2669 cuiuscumque
1216 2590 1331 2663 status,
1351 2590 1484 2663 ordinis,
1505 2605 1560 2652 seu

493 2695 685 2760 conditionis
705 2696 861 2768 existant,
882 2711 940 2774 pro
961 2697 1074 2787 primo,
1095 2697 1234 2760 secundo
1249 2697 1282 2758 et
1295 2697 1395 2758 tertio
1408 2695 1559 2768 termino,

492 2803 721 2882 peremptorie,
742 2803 826 2881 quod
853 2802 1087 2864 monasterium
1115 2802 1229 2880 ipsum,
1249 2802 1407 2875 abbatem,
1429 2802 1559 2874 tratres,
1628 2821 1631 2826 ’

491 2925 549 2972 sen
570 2925 745 2972 conversos
765 2909 918 2981 eiusdem,
931 2907 1087 2987 pretextu
1101 2908 1284 2986 aliquarum
1299 2923 1422 2980 rerum,
1435 2924 1559 2986 posses·

490 3015 617 3078 sionum
647 3017 682 3078 et
710 3016 869 3079 bonorum
899 3015 1003 3077 eidem
1034 3014 1231 3078 monasterio
1261 3014 1469 3088 collatorum,
1500 3031 1556 3077 seu

489 3122 768 3195 conferendorum,
790 3137 856 3183 non
876 3121 1027 3194 audeant,
1039 3121 1093 3183 vel
1113 3122 1312 3199 presumant,
1325 3121 1483 3199 pretextu
1502 3122 1557 3182 da-

470 3228 535 3300 ·tii,
557 3227 687 3300 colecta,
707 3227 843 3306 gabello,
865 3227 1001 3305 pedagii,
1021 3227 1074 3290 vel
1094 3226 1231 3290 alicuius
1255 3226 1468 3306 angarie,·vel
1483 3242 1554 3305 per·

486 3334 632 3411 angaria,
653 3333 836 3404 molestare,
850 3333 902 3394 vol
921 3349 1074 3410 gravare,
1088 3349 1148 3412 per
1168 3349 1203 3396 se
1223 3333 1277 3396 vel
1297 3333 1409 3406 alium,
1429 3333 1554 3410 publice

486 3439 540 3500 vel
562 3439 696 3511 occulte,
717 3455 779 3503 nec
805 3438 969 3517 gravanti,
990 3439 1184 3511 molestanti,
1205 3439 1259 3500 vel
1279 3438 1450 3500 iniurianti
1478 3455 1553 3500 con·

486 3545 620 3618 sentire,
641 3561 699 3608 sen
726 3545 790 3606 illis
818 3545 979 3623 impertiri
999 3544 1168 3618 auxilium,
1190 3543 1369 3616 consilinm,
1390 3545 1443 3606 rel
1464 3543 1552 3606 lavo

484 3649 564 3714 rent.
587 3651 654 3713 Nos
674 3649 816 3713 enimin
836 3665 948 3714 omnes
974 3651 1009 3713 et
1034 3650 1180 3729 singulos
1206 3650 1274 3712 tam
1298 3649 1433 3712 clericos
1454 3665 1549 3728 quam

484 3755 602 3834 laycos,
614 3756 845 3836 caduscumque
863 3756 977 3829 status,
991 3755 1123 3824 ordinis,
1138 3771 1196 3818 sen
1209 3754 1401 3818 conditionis
1416 3754 1550 3828 inerint,

482 3862 538 3940 qui
558 3862 674 3924 contra
694 3863 861 3942 premissa,
881 3863 935 3924 vel
955 3861 1075 3941 aliquid
1096 3862 1339 3940 premissorum,
1360 3876 1420 3938 per
1439 3877 1475 3922 se
1495 3861 1549 3922 vel

480 3967 561 4030 alios
581 3968 729 4041 iecerint,
750 3967 875 4046 publice
895 3969 948 4031 vel
975 3967 1111 4040 occulte,
1132 3967 1190 4028 aut
1217 3967 1332 4030 eontra
1355 3966 1547 4028 iacientibus

479 4073 714 4146 consenserint,
728 4089 786 4136 seu
799 4074 878 4152 ipsis
897 4089 1025 4153 quoquo
1045 4071 1137 4135 modo
1157 4071 1364 4150 prostiterint
1377 4071 1546 4144 auxilium,

479 4178 660 4252 consilium,
689 4179 745 4242 vel
779 4179 935 4251 favorem,
960 4178 1144 4256 prescripta
1173 4175 1349 4241 monitione
1379 4176 1546 4254 premissa,

478 4283 822 4352 excommunicationis
845 4283 1041 4348 sententiam
1061 4283 1257 4362 proterimus
1276 4283 1310 4346 in
1331 4281 1384 4344 his
1404 4281 1544 4362 scriptis.
