3646 5520
680 529 862 604 Appendtoe
1268 531 1309 592 67

227 719 322 793 dam,
337 723 371 785 et
384 721 539 786 contenta
551 723 584 784 in
599 723 754 800 petitione
772 724 851 802 ipsa,
865 724 904 786 de
918 739 1079 786 consensu
1100 740 1158 801 pre
1175 723 1179 804 Ι
1196 725 1309 801 scripti

227 827 378 904 capituli
399 829 440 890 ad
459 827 523 893 hec
542 829 712 906 presentis,
733 828 855 908 quanto
876 829 1004 908 plenius
1018 827 1137 903 101001,
1155 815 1310 908 appioba·

229 949 313 996 mm
333 935 367 998 et
389 951 447 1012 per
467 949 601 1013 presens
622 935 830 1013 privilegium
859 935 1064 997 concedimus
1085 935 1119 998 et
1139 935 1316 1014 largimur..

230 1041 278 1100 nt
301 1041 342 1104 nt
362 1041 464 1118 petita
484 1056 543 1119 per
556 1055 624 1114 100,
638 1041 671 1104 01
685 1040 720 1102 10
739 1041 895 1120 petitione
914 1040 1079 1114 contenta,
1093 1040 1220 1104 cunctis
1234 1039 1310 1102 tide·

230 1144 326 1208 libus
346 1146 474 1225 plenius
494 1145 660 1225 patefiant,
681 1146 716 1208 01
736 1147 901 1210 concessio
921 1146 1036 1209 nostra
1055 1147 1090 1210 et
1103 1146 1235 1224 largitio
1255 1161 1308 1224 pe·

231 1251 378 1314 titorum
398 1251 545 1316 omnibns
559 1252 681 1314 clarius
702 1252 896 1326 innotescat,
910 1268 984 1316 man
1001 1250 1007 1333 Ι
1022 1251 1135 1314 damus
1154 1252 1224 1330 ipsa
1238 1268 1310 1330 pre·

232 1359 327 1420 senti
353 1358 525 1437 privilegio
546 1357 765 1423 describenda.
786 1357 1024 1422 committimus
1043 1358 1132 1422 enim
1152 1358 1256 1422 vicem
1277 1357 1312 1420 et

234 1464 471 1528 auctoritatem
503 1463 649 1528 nostram
676 1464 830 1544 religioso
857 1466 892 1528 01
918 1464 1058 1528 discreto
1086 1464 1169 1537 viro¹
1195 1462 1311 1527 domno

234 1569 383 1633 iohanni
405 1569 565 1632 monacho
585 1571 732 1634 abbatiae
753 1572 792 1634 de
805 1574 910 1643 sasso,
924 1571 1037 1634 nostre
1056 1570 1202 1644 diocesis,
1224 1585 1312 1632 nunc

235 1676 273 1738 in
298 1676 477 1740 cathedrali
492 1677 629 1740 ecclesie
643 1678 756 1740 nostra
770 1678 935 1751 residenti,
949 1677 990 1740 ad
1007 1677 1113 1740 altare
1127 1677 1162 1738 10
1176 1675 1313 1740 ecclesia

237 1783 313 1861 ipsa
331 1782 557 1846 constructum
577 1799 636 1861 per
655 1783 787 1847 (tionem
807 1783 846 1846 10
862 1781 867 1864 l
883 1783 1016 1858 Tavine,
1037 1783 1122 1863 quod
1142 1782 1312 1846 dedicatio·

238 1903 330 1963 nem,
342 1905 440 1969 quam
460 1889 563 1952 vultis
584 1889 693 1954 iacere
712 1905 771 1952 vos
792 1889 966 1968 prescripti
986 1890 1187 1963 Bernerdus,
1207 1887 1313 1950 Patri-

238 1993 357 2058 tius...
379 1995 414 2058 et
435 1996 553 2070 socius,
574 1997 641 2058 Deo
661 1995 696 2058 et
715 1996 809 2058 beate
822 1996 927 2058 Marie
947 1997 986 2059 de
1000 1997 1127 2060 Oliveto
1141 1997 1180 2058 de
1193 1999 1313 2068 Acona,

239 2100 280 2162 in
299 2101 497 2166 monasterio
522 2101 717 2165 oostruendo
743 2102 860 2164 ibidem
881 2103 941 2163 sub
967 2103 1084 2182 regula
1104 2101 1191 2165 beati
1210 2103 1314 2163 Bene·

240 2207 329 2282 dicti,
349 2211 384 2272 et
396 2207 511 2271 habitu
524 2224 563 2271 ac
577 2207 786 2271 observantia
804 2207 999 2282 monachali,
1018 2207 1155 2287 recipiat
1171 2207 1244 2270 1100
1257 2222 1314 2270 no·

242 2315 333 2388 stra3
354 2314 389 2378 et
408 2314 516 2388 abhas,
537 2312 693 2395 1010101,
712 2330 794 2394 quas
813 2316 946 2396 gestare
966 2315 1076 2389 101110,
1089 2311 1260 2378 benedicat
1279 2311 1314 2374 et

243 2419 358 2482 induat
379 2420 662 2484 111001011011001
676 2420 907 2484 committimus
920 2423 1025 2484 vicem
1039 2418 1312 2484 010001011101010

244 2526 392 2588 nostram
412 2526 553 2590 discreto
573 2526 646 2588 viro
667 2527 849 2605 presbitero
868 2528 1041 2601 Restauro,
1061 2525 1180 2588 dudum
1209 2524 1313 2604 capel·

245 2631 320 2694 lano
339 2632 478 2695 ecclesie
490 2632 530 2694 do
543 2633 689 2706 Morello,
703 2633 738 2696 01
751 2649 840 2696 0000
852 2634 937 2712 apud
951 2633 1080 2696 domum
1094 2629 1314 2695 fraternitatis

246 2737 358 2800 sancte
385 2737 556 2800 Trinitatis
577 2737 616 2800 de
635 2738 748 2802 Aratio
774 2739 997 2812 commoranti,
1018 2738 1103 2817 quod
1128 2737 1227 2800 10101
1251 2733 1312 2815 adl

247 2843 365 2921 podere
384 2843 424 2906 de
442 2847 562 2917 Acone,
583 2844 617 2906 et
637 2844 744 2908 locum
764 2846 867 2925 magis
887 2845 1000 2924 aptum
1021 2837 1225 2907 monasterio
1239 2857 1314 2904 con·

247 2949 403 3012 struendo
429 2949 465 3011 in
488 2949 545 3012 1110
565 2949 723 3028 designet,
743 2966 875 3014 crucem
898 2950 980 3030 figat
998 2950 1125 3024 ibidem,
1146 2947 1315 3012 benedicat

247 3055 339 3118 illum
359 3071 433 3118 cum
453 3056 602 3118 oratione
616 3056 711 3118 solita
724 3057 759 3118 in
772 3057 848 3131 hiis,
862 3058 896 3120 01
909 3073 969 3136 per
982 3073 1042 3120 nos
1062 3054 1315 3120 benedicendum

247 3162 382 3240 lapidem
404 3162 605 3241 primarium,
620 3161 665 3224 ibi
685 3163 793 3240 ponat.
815 3164 1026 3226 concedimus
1047 3163 1182 3241 insuper
1202 3159 1313 3222 aucto·

247 3267 346 3332 ritate
370 3267 469 3330 huius
498 3267 660 3348 privilegii
686 3269 721 3330 et
746 3267 916 3346 largimur,
933 3267 993 3350 110
1012 3283 1150 3332 assensu
1177 3263 1314 3345 capituli

249 3373 433 3453 supradicti,
447 3374 532 3454 quod
550 3374 586 3436 in
605 3373 750 3452 predicto
770 3375 841 3437 loco
861 3374 901 3437 de
913 3378 1033 3452 Acopa,
1047 3375 1160 3437 nostre
1180 3370 1315 3434 diocesis

249 3480 319 3554 00,
339 3480 375 3542 in
388 3479 543 3544 amiate
562 3463 731 3554 senerah,
751 3479 788 3542 in
807 3480 983 3558 parrochia
1004 3479 1114 3543 sanan
1128 3477 1245 3558 angen
1262 3476 1316 3556 [aa

249 3586 337 3648 Luco
356 3586 520 3664 pleha]tus
539 3585 641 3664 plebis
654 3585 694 3650 de
713 3585 815 3659 Saltu,
835 3587 970 3652 diocesis
991 3585 1186 3665 supradicte,
1206 3598 1317 3646 mona·

250 3693 386 3754 sterium
406 3691 555 3772 erigatur
578 3691 682 3770 [cum]
705 3692 887 3772 campanili,
907 3693 941 3756 et
961 3691 1126 3772 campanis
1146 3690 1187 3753 ad
1213 3689 1316 3752 hono·

250 3811 319 3860 rem
338 3796 485 3876 Virginis
505 3796 647 3876 gloriose
663 3795 667 3878 Ι
684 3798 743 3859 sub
764 3799 881 3878 regula
901 3799 988 3862 beati
1009 3796 1186 3869 Benedicti,
1208 3796 1241 3859 et
1262 3797 1317 3859 ob·

251 3903 418 3966 servantia
430 3901 623 3978 monachali,
637 3902 671 3966 et
684 3903 820 3966 vocetur
833 3905 1067 3968 monasterium
1081 3903 1199 3966 Sancte
1213 3901 1317 3964 Marie

252 4007 290 4070 de
310 4007 630 4080 011101010110000,
654 4009 752 4086 prout
771 4009 883 4074 extitit
902 4009 1109 4090 postulatum.
1131 4010 1212 4072 Item
1232 4006 1317 4087 quod

252 4112 340 4176 locus
360 4113 431 4176 0110
450 4113 685 4176 monasterium
705 4114 811 4194 ipsum
831 4131 890 4196 per
910 4116 1059 4180 abbatem
1083 4113 1245 4179 duntaxat
1265 4128 1316 4176 re·

253 4218 352 4296 gatar
364 4219 399 4282 et
411 4219 615 4298 gubernetur
628 4219 663 4282 iu
677 4221 880 4300 perpetuum,
894 4223 929 4284 et
942 4236 1108 4300 nunquam
1128 4235 1188 4298 per
1201 4219 1319 4298 laycos,

252 4339 310 4387 seu
326 4323 483 4406 telericus
503 4325 687 4400 seculares;
709 4327 759 4390 set
778 4342 906 4407 semper
926 4343 986 4406 per
1007 4326 1139 4390 abbates
1159 4326 1193 4390 et
1213 4339 1319 4388 mona·
