3646 5520
557 553 748 615 Geronteon
766 554 893 616 Montis
917 554 1033 617 ortam
1237 645 1239 649 Ι
1284 556 1325 618 47

257 747 377 820 lorum,
396 746 451 827 qni
477 746 672 826 prefuerunt
687 743 692 828 Ι
707 746 755 810 illi
781 747 882 826 operi,
902 763 962 826 per
988 747 1164 810 dominium
1191 749 1324 813 veneto·

258 869 333 916 rum
344 852 459 916 remoti
469 851 548 916 sunt
556 853 689 928 iratres,
699 855 732 918 et
741 853 915 928 licentiati;
932 851 937 936 Ι
953 853 987 918 et
999 854 1078 916 illud
1088 854 1322 919 monasterium

257 955 418 1023 dederunt
427 958 552 1022 cuidem
562 959 668 1021 nobili·
677 975 744 1031 eno,
755 960 820 1048 eivi
831 958 968 1022 Venetia
980 958 985 1040 Ι
998 977 1086 1033 rum;
1100 961 1154 1040 qui
1169 977 1322 1040 processu

256 1066 412 1144 temporie
436 1081 589 1144 magnum
614 1066 759 1128 fructum
783 1065 879 1140 feeit3
905 1067 938 1129 et
961 1067 1082 1146 incepit
1097 1065 1102 1148 Ι
1118 1068 1151 1130 in
1172 1068 1228 1130 illo
1251 1069 1321 1132 loeo

257 1172 458 1252 religionem,
473 1181 540 1252 que¹
549 1173 687 1235 vocetur
700 1173 740 1234 ad
754 1189 889 1252 presens
902 1173 1020 1237 Sancte
1031 1173 1159 1238 Justine
1171 1173 1228 1256 (1).
1239 1176 1319 1238 Item

257 1305 484 1328 k*

291 1393 332 1468 (1)
350 1394 457 1468 Hujus
480 1393 733 1466 congregationis
757 1394 876 1468 primus
899 1395 1056 1467 fundator,
1078 1414 1114 1454 so
1134 1397 1318 1470 praecipuus

255 1483 398 1554 director,
419 1493 451 1540 et
468 1483 642 1553 institutor,
658 1483 811 1556 quendem
824 1484 917 1541 abbas
935 1485 962 1540 S.
983 1486 1005 1542 J
1006 1487 1129 1542 ustinae
1145 1485 1317 1560 Padnanae,

254 1571 319 1628 fuit
336 1571 414 1628 Rev.
435 1572 470 1628 P.
491 1571 668 1629 Ludovious
687 1572 798 1646 Borbo,
821 1573 870 1630 vir
893 1591 965 1630 vere
989 1579 1126 1648 sanetus,
1146 1593 1318 1648 magnaque
1395 1566 1397 1570 ’

253 1661 371 1717 virtute
390 1661 556 1733 praeditus.
571 1661 616 1716 Of.
635 1659 851 1718 Constitutionee
870 1663 992 1718 Patrem
1013 1662 1247 1736 Conprepationis
1265 1663 1319 1722 Ga-

253 1751 387 1821 rinemr'e,
407 1749 556 1822 Venetiis‚
570 1750 784 1822 M.D.LXXX,
798 1769 868 1828 pars
880 1751 921 1824 II,
937 1771 966 1824 p.
981 1753 1030 1825 373
1045 1753 1080 1809 L.
1096 1753 1202 1826 Tosn1,
1216 1753 1318 1810 Storia
1361 1812 1363 1818 ,

253 1839 329 1894 della
347 1839 446 1894 Badio
464 1840 498 1894 di
513 1840 733 1910 Monteeaeeioo‚
752 1839 1194 1914 Roma,1890,111,'188‚189;
1212 1843 1243 1900 J.
1259 1843 1317 1900 ΟΔ·

252 1941 361 2000 vecto,
380 1927 581 2008 Historiarum
604 1927 737 1986 Ooeoobii
756 1929 797 1985 D.
817 1931 949 1987 destinae
971 1931 1135 1988 Patavinae
1153 1933 1239 1987 Libri
1255 1951 1314 2004 reor,

251 2015 383 2082 Patavii,
402 2017 621 2090 M.DO.XOVI‚
641 2019 696 2076 lib.
717 2017 753 2090 V,
772 2037 802 2092 p.
823 2019 876 2074 197
894 2037 978 2092 seqq.

304 2103 511 2177 sequentibus
528 2105 630 2163 verbis
653 2112 686 2162 et
710 2113 848 2163 nostram
867 2107 1130 2165 renuntiationem
1148 2114 1181 2166 et
1197 2125 1315 2182 posses·
1399 2111 1401 2116 ’

249 2193 367 2250 sionem
394 2192 508 2250 saetam
535 2213 553 2250 a
580 2195 738 2251 Ludovioo
761 2194 860 2251 Barbo
887 2195 924 2252 de
951 2197 1142 2254 Monaeterio
1165 2197 1314 2254 Patauino

249 2287 374 2339 enarrat
394 2281 499 2340 atron.
521 2283 662 2340 Cameli„-
688 2304 704 2339 ‹
785 2285 903 2340 Domno
923 2285 1071 2358 Gregorio
1089 2285 1187 2343 XII...
1209 2304 1315 2343 oenoe·

249 2371 350 2441 dente,
370 2371 592 2428 monesterium
617 2371 744 2428 Sanctae
769 2372 916 2430 Juetinae
941 2373 1128 2431 Patauinum
1151 2374 1314 2448 (expeditis

248 2459 340 2516 iuxta
364 2476 506 2516 romanae
531 2461 634 2516 euriae
659 2478 775 2518 morem
793 2461 978 2518 auctentieie
997 2467 1029 2518 et
1047 2462 1187 2520 iuridicis
1206 2463 1313 2535 bullis)

249 2548 447 2620 congregatio
471 2553 578 2605 nostre
604 2554 651 2605 est
675 2551 930 2622 consequuteIn
951 2550 1134 2622 quodfacto
1157 2551 1310 2626 ingressu,
1374 2577 1379 2583 ·

249 2641 281 2693 et
299 2637 451 2710 eoiporeli
470 2655 505 2693 ao
523 2637 654 2694 iuridiea
677 2639 867 2710 possessione
892 2645 1047 2712 suseepta,
1067 2658 1122 2713 per
1140 2658 1236 2697 annos
1255 2641 1312 2698 oir-

249 2725 326 2782 eiter
343 2725 421 2781 duos
440 2726 583 2782 monaehi
600 2727 701 2783 nostri
722 2728 755 2784 in
777 2745 813 2784 eo
839 2735 1083 2800 permenserunt.
1104 2729 1220 2786 Verum
1239 2730 1313 2802 quie

247 2815 413 2871 seeoularis
431 2819 612 2888 potentatus
631 2815 706 2872 haee
729 2815 837 2872 diebus
856 2817 972 2874 nostris
991 2835 1057 2874 esse
1075 2818 1156 2874 solet
1174 2818 1309 2891 ambitio,

248 2907 286 2960 ut
310 2903 509 2960 ecelesiarum
527 2909 560 2960 et
576 2903 796 2961 beneficiorum
821 2905 853 2962 in
878 2905 1005 2962 dominii
1023 2906 1073 2962 sui
1091 2907 1160 2963 iure
1179 2907 1311 2965 existen·

248 2991 328 3048 tium
354 2991 443 3048 bonis
470 2993 610 3065 proprios
638 2993 736 3065 magis
759 3011 851 3066 quam
874 2993 992 3051 alienos
1015 2994 1098 3052 eires
1116 2995 1182 3052 frui
1199 2995 1308 3070 velint,

247 3078 436 3136 Venetorum
455 3080 571 3137 domini
588 3080 704 3138 Christi
721 3081 857 3138 famulos
872 3081 1012 3155 potentie
1022 3100 1081 3140 sua
1093 3084 1308 3158 opprimentes,

246 3169 420 3241 praefatum
442 3170 664 3226 monesterium
690 3169 864 3242 relinquere
884 3171 1109 3244 compulerunt.
1129 3171 1191 3238 Qui
1208 3173 1311 3230 ooudi·
1375 3209 1378 3216 ·

247 3257 329 3314 tione
348 3256 476 3327 odiente,
497 3263 535 3314 ut
552 3257 705 3328 videlieet,
725 3257 831 3330 quiin
850 3259 955 3315 eodem
968 3258 1072 3316 Abbae
1085 3261 1309 3334 praeficiendus

246 3351 335 3417 esset,
354 3345 529 3418 regularem
549 3345 773 3404 observantiam
792 3347 981 3404 constituere
997 3351 1165 3421 teneretur,
1177 3349 1309 3423 propriis

246 3434 341 3492 bullis
359 3435 540 3492 renuntiare
562 3440 795 3492 oonsenserunt.
815 3435 984 3493 Dimissum
1001 3437 1108 3509 itaque
1126 3456 1144 3494 s
1162 3437 1308 3496 Patribus

244 3523 358 3580 nostris
381 3523 602 3604 monesterium
629 3523 718 3596 illud,
738 3523 837 3580 nobili
863 3524 985 3581 euidem
1010 3530 1122 3582 veneto
1149 3525 1307 3584 Ludovieo

244 3611 355 3686 Barbo,
378 3612 446 3669 viro
473 3612 638 3670 reverendo
666 3617 698 3668 et
724 3618 831 3670 saneto
859 3613 972 3670 ibidem
994 3614 1099 3672 abbati
1121 3615 1304 3685 constituto,

244 3701 395 3757 traditum
421 3705 478 3758 eet.
501 3700 591 3767 Quod
613 3719 651 3758 ex
675 3701 778 3758 divina
805 3707 837 3758 et
863 3699 1027 3760 voluntate
1054 3708 1086 3760 et
1114 3703 1306 3762 ordinatione

243 3795 366 3862 gestum
388 3807 451 3846 non
473 3789 677 3863 ambigimus;
705 3807 802 3862 quum
825 3808 863 3846 ex
886 3791 944 3848 hoo
968 3791 1142 3848 uberiorem
1164 3792 1305 3850 fruetum

243 3878 388 3934 eeeleeiae
407 3895 482 3934 enee
500 3878 652 3935 Dominus
669 3878 831 3952 provenire
850 3879 994 3937 voluerit.
1013 3880 1167 3953 Siquidem
1185 3881 1218 3938 in
1237 3897 1305 3938 ean·

242 3965 309 4022 dem
332 3965 486 4022 abbatiam
510 3967 708 4024 coenobialem
732 3968 958 4024 observantiam
977 3968 1087 4026 abbate
1104 3969 1241 4042 praefato
1259 3971 1305 4027 in-

241 4054 434 4115 trodnoente.
455 4060 487 4111 et
510 4056 574 4112 Deo
597 4054 735 4129 desuper·
749 4055 992 4114 benedietionem
1014 4073 1112 4131 suam,
1132 4058 1303 4120 multorum

242 4147 273 4200 et
290 4143 548 4201 monasteriorum
567 4150 600 4200 et
617 4144 828 4218 spiritualium
846 4145 982 4202 filiorum
1000 4151 1099 4204 mater
1113 4146 1221 4204 effoeta
1233 4165 1303 4204 eon-

240 4231 451 4303 gregetionem
469 4249 629 4290 servorum
647 4233 704 4289 Dei
723 4233 945 4292 venerabilium
964 4235 1053 4292 valde
1071 4240 1204 4308 patrum,
1224 4251 1303 4308 quas

241 4319 463 4378 Moneehorum
481 4320 609 4378 Senotee
627 4321 649 4378 J
650 4321 772 4378 ustinse
790 4327 999 4396 nuuoupetur,
1016 4323 1220 4398 omnipotenti
1237 4325 1302 4380 Deo

240 4407 273 4463 in
291 4407 415 4465 Obristo
433 4409 549 4466 meruit
566 4409 755 4484 parturire...
776 4429 800 4468 ›.
819 4411 887 4468 rol.
907 4413 952 4484 22,
971 4411 1027 4467 22’.
