3646 5520
1139 1017 1490 1081 mmmmmmsaa

529 1163 696 1223 wnontct
721 1162 890 1222 Ecclesiae
909 1161 1112 1224 cathedralis
1139 1151 1324 1223 Arretinae
1344 1161 1374 1222 et
1392 1163 1557 1222 canonici

482 1268 586 1342 plebis
608 1267 751 1329 Sanctae
770 1269 912 1338 Martae,
939 1267 1055 1330 antire
1083 1270 1150 1342 ipsi
1168 1267 1362 1338 cathedrali,
1381 1267 1556 1342 postulata

486 1373 624 1435 Adonis
637 1373 668 1436 et
679 1371 864 1436 conventas
878 1373 1080 1434 monasterti
1095 1374 1238 1435 Sanctae
1248 1375 1382 1435 Martae
1392 1376 1431 1435 ae
1442 1373 1557 1434 Monte

492 1479 613 1542 oliveta
633 1481 672 1542 tn
692 1480 822 1550 Acoaa,
846 1479 986 1552 dentone
1005 1479 1197 1540 admittant.

529 1659 705 1736 [Exemplar
722 1661 756 1718 in
773 1662 843 1720 Lm.
864 1661 1126 1720 Parvimorouuu
1144 1665 1234 1734 (saec.
1254 1661 1333 1736 XV),
1353 1661 1408 1720 iol.
1427 1662 1515 1737 2’3’1.

527 1841 563 1902 In
585 1840 715 1904 nomine
735 1840 793 1904 Dei
814 1840 930 1903 eterni
948 1842 1062 1904 Amen.
1075 1845 1170 1903 Anno
1182 1840 1326 1904 etusdem
1339 1857 1359 1903 a
1374 1839 1553 1904 Nativitate

488 1947 722 2021 Mccoxxun,
743 1946 918 2010 indictione
932 1948 1269 2020 V11,domnoioanne
1283 1963 1366 2027 papa
1378 1948 1470 2010 XXII
1482 1963 1554 2024 pre·

487 2051 623 2126 sidente,
649 2052 701 2116 dia
729 2051 907 2116 merchurii
934 2054 1071 2116 XXVIII
1098 2053 1219 2117 mensis
1245 2052 1366 2128 martii,
1390 2053 1481 2116 VotIs
1502 2053 1553 2132 pie

487 2157 669 2222 viventium
692 2159 875 2238 ampliando
904 2159 981 2222 sunt
1012 2159 1120 2238 grette
1150 2160 1307 2234 caritatis,
1327 2160 1366 2223 ut
1391 2160 1466 2222 dum
1493 2159 1553 2238 ipsi

488 2266 732 2344 consequuntur
752 2266 836 2344 quod
856 2266 1024 2345 appetunt,
1044 2265 1228 2330 ferventius
1249 2267 1282 2328 in
1304 2265 1430 2328 christi
1454 2265 1553 2330 laudi-

488 2370 549 2433 bus
568 2372 800 2434 accendentur.

528 2476 608 2564 (tum
627 2477 737 2558 itaque
758 2493 817 2556 pro
836 2478 931 2557 parte
951 2477 1179 2558 roitgiosorum
1193 2477 1227 2541 et
1240 2477 1447 2540 laudabilIum
1467 2477 1553 2540 viro·

489 2599 564 2646 rum
574 2582 699 2646 abbatis
712 2584 746 2647 et
756 2585 936 2647 convontus
951 2583 1139 2648 monasterii
1153 2583 1271 2646 Sancte
1281 2583 1385 2646 Marte
1395 2583 1435 2646 de
1444 2583 1555 2646 Monte

489 2688 608 2751 oliveti
621 2689 656 2752 in
669 2691 790 2764 Acone,
804 2691 917 2754 nostre
931 2691 1066 2754 aretine
1084 2689 1229 2763 diocesin,
1243 2690 1339 2768 plura
1359 2688 1483 2751 tuerint
1503 2704 1553 2750 co·

489 2810 561 2857 ram
573 2795 664 2858 nobis
675 2792 720 2877 [a]
730 2795 875 2860 auleone
886 2797 1095 2860 miseratione
1105 2796 1217 2858 divina
1226 2795 1374 2874 optacopo
1384 2795 1417 2858 et
1427 2795 1555 2857 domino

490 2901 637 2974 aretino,
647 2916 721 2964 oum
732 2903 921 2966 reverentia
931 2902 1106 2982 postulata;
1118 2919 1176 2964 nos
1187 2901 1314 2964 decenti
1324 2901 1555 2964 deliberatione

490 3005 635 3069 adhibita
653 3023 754 3087 super
773 3008 836 3081 his,
857 3009 896 3072 de
916 3008 1118 3072 contratrum
1132 3008 1320 3071 nostrorum
1335 3006 1556 3084 infrascripto·

490 3129 565 3174 rum
591 3113 728 3176 consilio
755 3112 789 3177 et
815 3129 951 3178 assensu
978 3131 1017 3177 ac
1042 3114 1213 3178 voluntate
1236 3114 1390 3192 ipsorum,
1411 3112 1466 3192 qui
1493 3111 1557 3174 hoc

490 3220 637 3298 tempore
650 3221 686 3281 in
700 3218 882 3283 cathedrali
903 3221 1040 3283 ecclesia
1053 3219 1197 3284 resident
1209 3218 1355 3291 Aretina,
1369 3219 1404 3281 et
1416 3219 1449 3280 in
1465 3217 1557 3297 plebe

492 3325 610 3388 Sancte
630 3325 736 3388 Mario
754 3326 794 3388 de
814 3327 927 3390 Aratio
946 3327 1040 3388 unita
1059 3327 1121 3406 ipsi
1141 3325 1277 3389 ecclesie
1296 3324 1488 3396 cathedrali,
1501 3324 1557 3386 du·

492 3430 601 3492 ximus
622 3431 678 3493 illa
697 3447 741 3494 cx
760 3432 852 3495 certa
871 3432 1017 3505 scientia,
1038 3431 1073 3495 et
1092 3432 1165 3496 vice
1178 3432 1292 3495 nostra
1305 3433 1557 3508 nostrorumque

491 3536 653 3600 catholice
673 3553 896 3601 successorum
911 3539 945 3601 et
957 3538 1094 3602 Aretine
1113 3538 1258 3612 ecclesiia,
1278 3538 1319 3600 ad
1339 3535 1557 3600 exauditionis

492 3642 633 3721 grattera
660 3642 812 3706 duximus
832 3643 1037 3707 admittenda.
1058 3644 1100 3707 Et
1125 3644 1240 3722 primo,
1262 3643 1334 3706 utce
1364 3642 1399 3704 et
1428 3641 1557 3705 nomine

492 3763 556 3828 quo
576 3764 685 3827 supra,
706 3749 909 3812 concedimus
930 3751 1009 3823 loco,
1034 3749 1232 3813 monasterIo
1257 3749 1292 3812 et
1318 3747 1495 3811 conventui
1519 3747 1558 3810 de

492 3853 604 3916 Monte
627 3855 754 3927 oliveti,
776 3855 928 3933 predictis
948 3856 983 3918 et
1008 3855 1166 3918 iratribus
1192 3855 1335 3917 eiusdem
1360 3852 1559 3926 monasterii,

493 3959 560 4020 tam
588 3959 792 4038 presentibus
821 3977 918 4040 quam
945 3961 1076 4034 tuturis
1097 3960 1181 4040 quod
1201 3961 1356 4040 adquam
1385 3959 1560 4021 maluerint

493 4065 655 4142 prelatum
675 4065 810 4128 diocesis
832 4067 976 4141 Aretine,
998 4067 1123 4146 possint
1148 4067 1183 4129 in
1210 4067 1386 4146 posterum,
1410 4065 1560 4144 quotiens

473 4171 596 4234 ¹fuerit
621 4170 828 4250 oportunum,
854 4189 914 4251 pro
941 4172 1188 4238 confirmatione
1216 4171 1351 4246 abbatis,
1378 4186 1474 4250 quem
1500 4171 1560 4249 ipsi

494 4277 615 4341 tratres
628 4277 784 4342 duxerint
797 4278 981 4358 eligendum
1002 4295 1062 4358 pro
1082 4279 1301 4358 temporeve
1322 4277 1562 4350 nominandum,
