3646 5520
530 571 721 631 chronicon
740 567 865 629 Montis
890 566 1006 627 oliveti
1258 565 1295 624 37

229 765 467 828 Monosterium
484 765 488 846 Ι
505 765 621 828 Sancte
635 765 739 828 Maris
753 764 872 826 montis
886 761 1024 824 Moroini
1038 761 1078 823 de
1091 759 1226 823 Perusio
1238 759 1298 840 (1).
1359 773 1406 817 ro.
1421 777 1452 816 11.

231 863 1299 951 HiosopultusestinMonosteriolsanotisMiniatisFlorentie(2).

749 1079 789 1136 X.

275 1237 425 1300 Decimus
438 1239 535 1300 abbas
549 1236 611 1299 fuit
623 1211 729 1299 irater
743 1237 926 1315 Reynerius
937 1236 975 1296 de
990 1233 1092 1306 Senis,
1106 1233 1205 1296 tertio
1219 1233 1301 1294 eleo·
1386 1237 1439 1318 'n'
1477 1237 1480 1246 ¹

234 1345 299 1418 tus,
313 1343 317 1426 Ι
334 1345 368 1408 et
382 1346 512 1408 duravit
529 1345 623 1408 annis
638 1345 753 1407 tribus.
764 1345 868 1406 Huius
883 1344 1028 1420 tempore
1042 1341 1239 1413 ordinatum,
1250 1339 1282 1402 et
1297 1337 1301 1420 Ι
1350 1309 1469 1424 iffi:

235 1451 521 1516 obtentumasede
532 1451 706 1532 apostolica
714 1447 868 1532 (3),q'uod
878 1453 975 1513 abbas
986 1449 1150 1528 generalis
1161 1465 1226 1512 non
1237 1445 1305 1527 pos'-
1341 1447 1481 1508 l¹³⁶r1³⁷2l

237 1557 291 1630 sit,
305 1558 383 1619 trun
399 1555 404 1640 Ι
419 1558 508 1620 sacto
522 1558 675 1631 triennio,
689 1557 893 1630 confirmari;
907 1557 941 1619 et
954 1556 1015 1617 nisi
1029 1555 1125 1618 vacet
1140 1571 1198 1633 per
1216 1555 1303 1617 aliud

238 1663 430 1736 triennium,
451 1679 515 1725 nou
533 1661 537 1744 Ι
553 1663 653 1741 possit
674 1661 792 1726 iterum
814 1663 899 1741 eligi.
923 1649 1008 1724 Item
1024 1677 1082 1739 per
1102 1661 1210 1724 sedem
1230 1677 1305 1740 apo·

239 1767 387 1831 stolioam
408 1768 505 1830 etiam
529 1769 713 1831 ordinatum
737 1770 796 1842 est,
813 1767 817 1849 Ι
834 1769 918 1847 quod
938 1767 977 1829 ad
998 1767 1123 1830 abbatis
1143 1767 1306 1846 generalis

241 1875 444 1948 electionem,
468 1877 648 1938 conventus
676 1875 795 1938 Montis
819 1874 947 1945 oliveti,
964 1869 968 1954 Ι
984 1874 1040 1953 qui
1068 1874 1158 1951 prius
1185 1873 1307 1936 intere·

242 1981 298 2043 rat
311 1979 410 2054 totus,
424 1997 489 2044 non
505 1982 604 2059 possit
622 1982 754 2054 habere,
768 1981 832 2042 nisi
852 1997 913 2044 sex
933 1995 1046 2053 vooes3
1060 1998 1197 2059 quorum
1215 1979 1219 2060 Ι
1243 1997 1308 2042 una

244 2087 295 2148 est
322 2085 391 2164 ipse
421 2087 519 2148 abbas
549 2087 723 2164 generalis,
750 2086 855 2149 altera
886 2087 977 2164 prior
1007 2085 1206 2158 monasterii,
1233 2087 1309 2147 rell·
1430 2113 1433 2117 ·

242 2207 305 2269 que
322 2189 326 2272 Ι
342 2192 484 2270 quatuor
504 2209 562 2270 por
582 2191 779 2255 conventum
800 2192 877 2271 eligi
901 2192 1053 2254 habeant.
1081 2193 1210 2270 Reliqui
1235 2207 1310 2253 oon-

244 2301 364 2362 ventus
387 2299 525 2362 aliorum
549 2301 831 2373 monasteriorum,
848 2297 852 2380 Ι
867 2300 957 2361 ultra
976 2315 1089 2362 vocem
1110 2299 1161 2360 sui
1182 2299 1310 2376 prioris,

245 2407 370 2482 possint
396 2407 475 2468 does
501 2425 598 2471 voees
624 2408 756 2487 eligere,
777 2409 811 2472 et
830 2407 961 2470 mittere
978 2406 982 2487 Ι
998 2408 1038 2468 ad
1062 2406 1248 2485 capitulum.
1269 2405 1312 2466 ut

247 2509 309 2574 hoo
329 2509 452 2574 iactum
472 2514 523 2574 est
542 2528 628 2574 anno
647 2513 747 2575 tertio
771 2513 822 2574 sui
848 2511 1040 2574 abbatiatus.
1061 2513 1121 2574 Hio
1141 2512 1287 2589 sepultus
1304 2508 1308 2589 Ι

247 2619 297 2681 est
316 2619 352 2682 in
374 2621 570 2683 monasterio
591 2621 703 2700 nostro
723 2620 834 2682 Sancti
854 2619 1021 2682 Benedicti
1042 2619 1081 2682 de
1102 2617 1194 2682 Senis
1210 2616 1268 2696 (4).

250 2873 343 2915 Luzzl
362 2858 500 2932 Vdulum,
520 2861 566 2916 Lo
584 2860 676 2917 otioso
694 2879 708 2916 e
726 2861 748 2916 o
765 2867 898 2917 convento
919 2861 951 2914 di
970 2861 1003 2916 S.
1022 2859 1143 2914 Miotele
1161 2859 1193 2914 in
1212 2857 1312 2927 Boreo,
1423 2915 1430 2930 ,

249 2945 399 3019 Bologne,
420 2949 500 3005 1895.

287 3037 461 3109 Antequam
479 3037 518 3093 ed
535 3055 592 3094 nos
609 3037 668 3095 hoo
687 3039 859 3095 coenobium
875 3037 1032 3109 transiret,
1045 3035 1242 3110 possidodent
1254 3035 1313 3088 fro-

252 3129 315 3181 tres
334 3125 450 3181 ordinis
468 3125 572 3183 Sancti
590 3127 769 3199 Augustini.
785 3128 891 3185 Nostri
908 3145 982 3184 vero
1000 3127 1088 3202 prius
1101 3125 1138 3182 ab
1151 3121 1314 3196 Aymorioo

252 3213 439 3270 Bononiensi
457 3214 608 3288 Episcopo
621 3223 696 3272 sunt
709 3217 870 3274 oonseouti
887 3237 902 3271 r
916 3215 1076 3272 eeclesiam
1089 3219 1194 3270 sancte
1207 3210 1313 3282 Merie,

253 3319 321 3373 qum
349 3308 440 3358 antee
466 3303 678 3376 appellabatur
704 3305 838 3362 fratrum
865 3304 1084 3376 Gaudentium,
1111 3302 1175 3358 sive
1202 3298 1316 3355 milicie

252 3387 341 3446 boote
354 3390 461 3463 Moris,
472 3392 563 3448 sitam
575 3393 712 3451 Bononio
723 3395 757 3450 in
770 3395 897 3468 onpella,
909 3395 974 3451 sive
986 3391 1129 3468 puroohie
1140 3393 1245 3446 semote
1255 3389 1317 3443 Lu·

254 3476 310 3548 oie,
325 3479 414 3550 quusi
427 3477 460 3534 in
473 3480 571 3553 cupite
584 3481 682 3555 Burgi
691 3483 727 3538 de
737 3483 866 3539 Ariento
878 3502 903 3538 ».
917 3483 968 3538 ito
977 3481 1073 3538 refert
1082 3480 1317 3535 monumentum

255 3565 389 3622 Gomstii
402 3567 508 3624 Garsie
527 3569 564 3625 de
582 3570 769 3628 Albornooio
786 3572 930 3628 Reotoris
944 3569 1085 3627 Civitatis
1098 3566 1244 3633 Bononio,
1259 3562 1317 3620 sub
1394 3589 1397 3596 r

253 3651 316 3708 det.
330 3655 366 3710 28
378 3654 399 3712 J
400 3656 459 3713 ulii
465 3675 519 3714 en.
532 3659 602 3714 1363
614 3657 743 3734 (Arolzio.
763 3661 848 3733 Olim,
862 3677 977 3716 mazzo:
991 3659 1019 3715 S.
1032 3657 1163 3714 Miehele
1176 3651 1209 3711 in
1221 3653 1317 3708 Bosoo

256 3741 454 3817 diBologua).
465 3745 568 3803 Multo
576 3747 638 3804 elia
647 3748 831 3806 documento.
842 3748 1042 3822 possidemus,
1056 3763 1134 3820 quoe
1143 3757 1318 3819 prosperam

258 3829 318 3887 diei
336 3832 438 3890 lucem
456 3841 628 3907 expectent.

293 3919 333 3994 (1)
351 3920 397 3977 cf.
422 3921 657 3997 Lenouonorrr,
683 3944 728 3997 op.
754 3927 815 4000 ott,
840 3927 882 3999 11,
909 3927 978 3998 1463
1003 3924 1150 3996 Innu,1l
1173 3920 1320 3977 Mercurio

265 4007 350 4082 olio,
369 4028 438 4082 pag.
459 4013 521 4068 158.
873 4006 876 4012 ’

296 4096 334 4171 (2)
354 4099 578 4158 Aeternitutem
597 4103 688 4174 petiit
707 4122 753 4160 en.
776 4105 854 4161 1391.

295 4183 335 4258 (3)
353 4185 399 4242 cf.
414 4187 556 4260 Diplomo.
567 4188 709 4262 Gregorii
719 4191 776 4262 XI,
788 4192 849 4248 dot.
862 4191 1005 4248 Avinion.
1016 4190 1049 4246 ῙΙ
1065 4189 1141 4246 Idus
1154 4184 1321 4244 decembris

263 4289 339 4328 anno
358 4275 456 4346 primo
477 4275 579 4352 [1371Ι,
598 4279 632 4335 in
650 4273 806 4336 Ituomru.
828 4281 930 4354 Odru,
951 4281 977 4352 1,
998 4279 1042 4336 53.

297 4363 336 4434 (4)
355 4362 439 4419 Obiit
457 4383 506 4420 en.
528 4367 616 4440 1380,
637 4367 690 4425 sed
714 4387 775 4425 non
794 4368 957 4442 Avonioni,
978 4373 1016 4424 ut
1037 4366 1131 4424 hebet
1151 4361 1322 4421 Belfortius

261 4447 380 4522 (Cliton.
399 4453 501 4526 breuis,
522 4473 550 4528 p.
572 4457 628 4531 18).
