3646 5520
558 537 748 598 chronicon
768 537 892 598 Montis
918 537 1033 600 Oltoeti
1284 540 1324 599 33

260 730 388 808 quando
401 730 522 794 mortui
536 731 613 793 sunt
626 733 665 796 de
679 731 836 794 iratribus
850 715 971 796 uostris
985 750 1121 796 numero
1134 731 1324 815 [Lxxxln

260 837 347 900 utin
360 838 443 901 libro
456 838 598 902 fratrum
620 838 822 903 mortuorum
843 840 1029 904 continetur
1044 840 1102 920 (l).
1123 841 1165 902 Et
1179 841 1324 920 sepultus

261 943 313 1006 est
327 942 332 1025 l
348 943 448 1017 Senis,
469 944 504 1006 in
525 944 720 1008 monasterio
741 945 852 1008 Sancti
873 945 1039 1009 Benedicti
1055 944 1110 1027 (2).

776 1185 814 1245 V.

304 1374 442 1444 Quintus
467 1376 566 1446 abbas
592 1375 654 1438 tuit
678 1375 784 1438 irater
810 1377 998 1438 Ambrosius
1025 1377 1064 1440 de
1088 1378 1201 1440 Aratio
1216 1377 1273 1460 (3),
1293 1380 1327 1442 et
1419 1403 1448 1446 v.

264 1481 474 1565 elnotuslest
492 1483 532 1546 13
552 1499 664 1546 mense
690 1483 830 1561 augusto
856 1483 910 1546 vel
934 1483 1117 1562 septembri,
1138 1486 1172 1546 et
1195 1486 1327 1548 duravit
1370 1474 1513 1556 1111111111

265 1591 388 1656 duobus
407 1591 503 1654 annis
523 1607 587 1654 non
609 1607 679 1654 oom
696 1590 700 1671 Ι
717 1589 827 1668 pletis;
849 1589 925 1669 quia
939 1590 973 1652 in
987 1590 1143 1654 Kalendis
1160 1592 1257 1654 madii
1278 1609 1326 1657 se·
1353 1543 1515 1659 milii?
1551 1677 1554 1684 Ι

264 1699 362 1762 nundi
388 1698 466 1760 anni
494 1699 554 1770 sui,
581 1699 666 1776 oepit
692 1699 860 1760 celebrare
886 1698 965 1760 ordo
988 1696 992 1778 Ι
1015 1699 1127 1764 noster
1151 1699 1327 1778 capitulum
1353 1698 1422 1731 ²²³⁰

265 1803 420 1882 generale
433 1801 492 1884 (4).
513 1806 669 1882 Tempore
690 1801 871 1868 abbatiatus
892 1803 943 1866 sui
965 1802 1112 1868 habitum
1132 1803 1328 1892 331111333-

1364 1758 1508 1816 (loos-raso).

303 2095 342 2169 (1)
361 2095 407 2152 cf.
427 2109 531 2150 omnes
544 2092 580 2148 de
593 2091 686 2150 rebus
700 2091 866 2148 olivetanis
884 2095 1064 2164 tractantes,
1085 2091 1138 2148 sed
1150 2092 1330 2165 praesertim

266 2183 486 2255 Maliacum,
510 2182 563 2238 Via
580 2183 620 2237 dn
638 2181 676 2237 Β.
697 2181 835 2236 Bernord
857 2180 903 2253 T,
923 2199 952 2252 p.
973 2181 1026 2236 207
1045 2197 1128 2253 seqq.

302 2271 433 2329 Nomina
455 2288 530 2327 vero
554 2287 662 2326 eorum
690 2268 745 2342 qui
773 2287 845 2326 oum
869 2269 903 2324 B.
922 2269 1088 2340 Bernardo,
1115 2269 1220 2326 eadem
1247 2275 1332 2344 peste

266 2365 437 2433 grassante,
458 2359 673 2416 aeternitatem
691 2357 816 2430 petiere,
834 2357 989 2414 habentur
1000 2358 1063 2430 jam
1081 2358 1164 2414 edita
1175 2376 1193 2414 a
1205 2358 1250 2414 cl.
1265 2358 1333 2415 viro
1397 2390 1402 2400 ·

268 2448 416 2521 Gregorio
445 2447 579 2504 Thomas
606 2447 765 2518 (L'Abboya
793 2449 826 2501 de
848 2445 1181 2519 Moat-Otivot-Mojeor,
1211 2447 1331 2520 Sienne,

269 2537 348 2610 1898,
369 2535 639 2610 paletenmet
662 2535 726 2607 ipse
746 2529 904 2606 octoginta
928 2539 1052 2590 tantum
1077 2534 1242 2592 monaohos
1261 2552 1335 2591 enn-

267 2631 376 2697 merat,
397 2642 469 2681 oum
486 2629 519 2681 at
535 2621 701 2694 Bargousis
720 2628 752 2678 et
764 2623 994 2695 Neorologium,
1009 2623 1093 2695 quod
1105 2641 1178 2695 praa
1190 2623 1334 2680 manibus

268 2731 352 2772 nuno
370 2713 479 2785 habeo,
498 2711 674 2768 Lxxxin·
692 2716 849 2768 testentur
868 2711 906 2767 ad
924 2713 1056 2784 patriam
1075 2711 1222 2771 evolasse.

305 2802 344 2878 (2)
363 2801 408 2858 De
427 2802 495 2857 1333
513 2801 693 2873 sepulturae
711 2799 746 2854 B.
767 2799 914 2855 Barnardi
927 2796 981 2872 pro
994 2801 1180 2858 monasterio
1199 2802 1333 2875 Senensi,

269 2890 366 2964 deque
385 2890 468 2959 auris
486 2907 542 2962 pro
567 2889 665 2962 ipsine
685 2905 811 2961 corpore
834 2887 1029 2961 inveniendo,
1053 2889 1179 2962 seripsit
1203 2891 1335 2964 erudite,

271 2978 362 3038 abbas
386 2979 423 3034 D.
448 2979 562 3054 Petrus
584 2977 694 3034 Roeini
720 2977 753 3048 (1-
772 2978 808 3032 10
828 2977 902 3033 maii
926 2977 1017 3052 1807),
1046 2982 1216 3034 tractatum
1241 2979 1337 3036 buius

271 3066 376 3123 tituli:
398 3067 551 3124 Relatioae
569 3065 722 3121 (13133ουί
743 3065 844 3120 motioi
858 3083 914 3138 per
933 3067 957 3120 la'
974 3067 1055 3137 quoti
1073 3067 1101 3121 si
1116 3069 1129 3122 ὲ
1143 3067 1226 3136 fatto
1242 3085 1339 3122 nnooo

271 3155 380 3212 rioeron
397 3157 442 3211 del
459 3173 545 3227 oorpo
563 3156 609 3210 det
627 3155 717 3234 Beato
735 3155 890 3210 Bernordo
912 3154 1045 3212 Toiomoa‘.
1065 3154 1150 3221 Quae
1164 3156 1265 3228 opella
1277 3174 1338 3212 ma·

272 3243 369 3302 ximaa
387 3243 537 3300 utilitatis
555 3261 610 3316 pro
628 3243 758 3300 historia
777 3242 942 3315 olivetana,
964 3248 1110 3317 expectat
1122 3243 1211 3316 diem,
1232 3263 1295 3318 que
1306 3246 1339 3301 in

272 3332 371 3388 luaem
389 3333 511 3405 prodire
530 3332 636 3404 possit.

307 3419 346 3494 (3)
363 3419 540 3478 Iste'abbas
566 3421 685 3478 oleatus
708 3421 850 3477 331348
873 3423 1098 3493 postmortem
1122 3421 1158 3478 B.
1178 3421 1338 3492 Bernardi,

273 3507 383 3566 amisso
401 3509 572 3580 Ambrosio,
592 3509 807 3582 appellabatur
818 3509 1049 3565 Froooorobione
1071 3509 1206 3566 Gnidotii
1218 3511 1251 3566 de
1267 3511 1341 3565 Tro·
1379 3533 1385 3542 ·

273 3614 390 3652 3333333
409 3599 547 3653 Aretiooa
565 3597 599 3672 (i
619 3599 710 3672 1363).

308 3685 348 3758 (4)
366 3683 411 3741 01.
432 3685 469 3740 D.
490 3683 687 3744 cherubinos
706 3686 831 3743 Besonni
849 3686 883 3741 in
902 3687 990 3743 Notio
1001 3686 1035 3742 in*
1049 3687 1271 3743 constitutiones
1290 3685 1341 3740 oli·

274 3779 389 3828 3313333
407 3774 491 3845 (mss.
512 3792 540 3846 p.
563 3774 609 3846 50)
630 3775 667 3830 de
686 3775 824 3848 capitulo
849 3774 926 3830 haee
945 3775 1048 3832 habet.
1069 3796 1085 3831 ‹
1105 3776 1153 3831 Ab
1172 3793 1252 3831 anno
1272 3775 1342 3831 1320

273 3877 370 3934 usque
389 3860 427 3917 ad
439 3876 555 3918 annum
568 3863 639 3926 1338
651 3862 830 3935 Capitulum
841 3863 985 3934 generale
998 3863 1147 3920 Kalendis
1160 3863 1341 3936 septembris

275 3947 504 4021 eelebrabatur;
525 3967 643 4022 verum,
664 3949 793 4007 iubente
810 3951 877 4024 ipso
896 3951 931 4007 B.
945 3952 1101 4008 Bernardo
1120 3952 1342 4025 Protoparente

274 4042 389 4110 nostro,
410 4055 491 4094 anno
510 4037 802 4095 133931113133133
814 4039 889 4096 Maii
908 4038 1088 4096 traductum
1107 4045 1163 4096 est.
1179 4040 1256 4096 Oum
1269 4056 1342 4097 vero

275 4125 313 4180 ad
330 4142 459 4198 superos
479 4127 649 4185 avolaverit
666 4125 701 4182 B.
722 4127 898 4184 Bernartius
917 4145 997 4183 anno
1017 4129 1105 4200 13485
1125 4129 1173 4185 die
1192 4130 1228 4184 22
1246 4145 1342 4199 augu-

274 4212 326 4286 sti,
347 4214 520 4271 immediate
539 4220 609 4288 post
626 4215 725 4288 ipsius
744 4215 912 4272 transitum
930 4217 963 4271 in
981 4215 1122 4274 abbatem
1140 4233 1209 4288 gen.
1229 4215 1343 4272 substi-

276 4306 365 4358 tuere
384 4303 420 4360 3.
441 4303 698 4360 Francisehinum
722 4303 758 4360 13
783 4295 900 4376 Aratio,
927 4303 1033 4376 quiin
1052 4304 1256 4376 eadignitate
1276 4321 1343 4376 per·

275 4389 358 4446 stitit
376 4408 477 4464 usque
495 4391 533 4448 ad
545 4391 701 4451 Kalendae
713 4392 786 4450 maii
799 4393 878 4463 1350,
899 4392 1014 4465 quibus
1026 4393 1218 4451 eelebratum
1230 4391 1295 4448 fuit
1306 4392 1343 4448 do
