3646 5520
474 571 515 633 82
918 572 1097 648 Appmloe

474 765 521 826 iui
541 765 575 827 st
595 765 731 844 rogatus
750 781 817 828 una
836 781 910 828 oum
924 764 1145 844 suprascripto
1159 763 1256 826 nobili
1273 763 1278 845 Ι
1294 764 1367 826 viro
1380 762 1540 842 Gregorio

436 917 440 926 .
474 869 634 949 quondam
654 871 764 934 iacobi
785 871 950 935 sor'Nerii
970 870 1138 950 Speiialini
1163 871 1202 933 de
1223 870 1314 942 Pisis,
1335 869 1460 948 publico
1481 869 1540 930 im·

474 975 587 1054 periali
608 977 805 1040 auctoritaie
831 975 936 1040 iudice
961 977 1128 1040 ordinario
1147 991 1187 1039 ao
1205 976 1344 1049 notario,
1366 978 1400 1038 et
1420 973 1538 1054 prelati

474 1081 738 1184 reperendlsslmi
758 1081 866 1146 domni
882 1080 1077 1164 {cardinalis
1102 1082 1208 1146 sancti
1233 1080 1380 1144 Marcelli
1402 1081 1435 1143 el
1455 1096 1540 1142 ccm-

473 1186 615 1250 missarii
635 1188 823 1261 secretario,
841 1204 881 1251 ac
894 1189 1031 1252 testibus
1056 1188 1250 1268 supradictis
1270 1187 1415 1260 interlui,
1436 1202 1540 1264 eaque

475 1292 548 1356 deri
568 1294 616 1356 sic
634 1294 701 1356 vidi
721 1294 902 1390 standivi:
923 1294 994 1358 ideo
1014 1295 1078 1359 hoc
1097 1311 1231 1374 presens
1244 1294 1405 1374 publicum
1420 1293 1541 1354 instru-

475 1399 619 1462 mentum
635 1397 640 1481 1
656 1401 775 1464 exinde
788 1401 922 1474 conieci,
936 1401 1061 1481 scripsi,
1073 1402 1231 1481 publicavi
1243 1403 1342 1480 atquc
1352 1398 1542 1476 subscripsi,

474 1505 509 1568 et
527 1505 567 1568 de
588 1507 738 1569 mandato
758 1505 960 1586 prelatorum
981 1507 1328 1570 reverendissimorum
1348 1506 1540 1568 domnorum

474 1611 688 1674 cardinalium
715 1613 1010 1676 commissariorum
1037 1615 1072 1676 in
1098 1613 1186 1676 hauc
1205 1613 1365 1694 publicam
1381 1609 1386 1693 Ι
1402 1611 1540 1674 formam

474 1715 597 1795 redegi,
617 1715 775 1796 signoque
795 1718 829 1781 eb
849 1717 980 1781 nomine
1000 1717 1080 1781 meis
1101 1718 1205 1782 solitis
1224 1719 1259 1782 et
1272 1717 1444 1788 consuetis,
1465 1733 1539 1779 cum

475 1821 823 1885 reverendissimorum
845 1823 1038 1886 domnorum
1064 1824 1279 1888 cardinalium
1306 1821 1541 1887 commissario-

475 1943 550 1990 rum
570 1927 750 2006 sigillorum
777 1929 974 2008 appensione
994 1927 1152 2010 signavi!
1173 1931 1208 1994 in
1228 1929 1323 1994 fldem
1344 1930 1378 1992 cl
1396 1928 1539 1991 testimo-

475 2033 565 2096 nium
585 2034 730 2098 omnium
749 2035 784 2100 el
803 2035 1007 2115 singulorum
1027 2036 1259 2116 premissorum
1280 2037 1415 2117 rogatus
1435 2035 1470 2098 ei
1489 2049 1541 2096 re·

476 2140 626 2220 quisitus.

913 3468 1108 3524 Iurrrunrua

776 3566 814 3620 D.
834 3565 1052 3620 Hildebrandus
1070 3566 1110 3619 M.
1132 3564 1246 3619 Polliuti

578 3662 679 3717 Abbas
698 3641 845 3717 Generalis
863 3661 1100 3730 Congrcgaticnis
1118 3661 1285 3718 Olivetanae
1302 3661 1339 3716 0.
1358 3660 1389 3716 S.
1410 3659 1443 3713 B.

705 3759 743 3813 Et
761 3758 929 3814 Ordinarius
947 3758 1055 3814 Montis
1073 3758 1179 3814 Oliveti
1198 3757 1314 3826 Maioris

861 3856 982 3911 Nullius
999 3855 1161 3912 Dioeceseos

1073 4162 1301 4219 Nmrn'oasrar

1055 4261 1127 4316 Can.
1148 4263 1189 4315 M.
1209 4260 1323 4316 Novelli

869 4357 998 4411 vicarius
1017 4357 1164 4412 Generalis
1182 4357 1357 4412 Archidloee.
1379 4356 1504 4410 Floreat.
