3686 5552
428 491 470 548 88
908 503 940 552 Ρ.
965 503 1116 552 Lucano

426 631 603 638 --—·--·-·--—-——
610 632 652 640 —-·
661 633 688 638 —-
695 633 794 640 -----—
801 633 883 640 -ι-ι--ιι
894 633 925 640 ...-
940 633 959 640 -ι
979 633 1021 642 n..
1035 635 1040 640 .
1053 633 1064 640 -
1077 633 1130 640 -.-.
1147 634 1222 642 .-.-.-
1232 635 1285 642 ...-
1296 635 1401 642 ..-

493 723 540 784 La
563 723 676 784 ritorto
691 723 901 802 fundationis
923 724 942 784 e
965 723 1089 786 diretta
1112 743 1132 786 a
1157 725 1326 786 Bernardo
1350 743 1368 786 e
1391 726 1592 790 ePatriuio:

427 829 462 890 in
486 847 561 892 essa
583 848 648 892 non
665 831 693 892 si
710 831 744 892 ia
759 831 927 892 menzione
942 831 975 892 di
990 831 1183 910 Ambrogio,
1208 839 1425 908 quantunque
1441 834 1470 895 si
1486 851 1595 912 vegga

426 937 538 998 cliiuro
561 938 620 998 (ilie
649 938 661 998 i
697 938 862 1000 vestiendi
893 957 974 1000 sono
998 944 1069 1000 tre:
1102 940 1282 1018 Bernardo,
1316 940 1464 1001 Petrinio
1487 941 1527 1002 ed
1550 959 1595 1002 un

425 1046 538 1106 aonios.
564 1045 681 1118 Questi
706 1063 762 1106 eru
786 1045 922 1106 riniesto
946 1045 979 1106 in
1005 1047 1132 1124 Aeoua,
1168 1045 1209 1106 ed
1232 1047 1389 1108 arviseto
1412 1048 1446 1110 di
1470 1051 1594 1124 quanto

426 1171 484 1212 era
506 1159 677 1214 avveuuto
701 1153 736 1214 in
760 1155 887 1214 Arezno
922 1153 1014 1214 edel
1041 1153 1158 1228 giorno
1182 1154 1334 1216 stabilito
1358 1173 1415 1230 per
1439 1157 1473 1216 la
1496 1156 1593 1216 vesti·

426 1259 528 1338 aione,
554 1261 639 1336 partl
664 1259 753 1320 dalle
781 1259 961 1322 solitudine
991 1260 1030 1320 cd
1065 1261 1152 1321 eudo
1179 1278 1199 1320 u
1230 1260 1452 1338 raggiungere
1481 1262 1492 1322 i
1522 1260 1591 1322 suoi

425 1367 599 1444 comparui
623 1361 673 1428 cli'
691 1385 790 1426 erano
813 1367 951 1442 ospitati
975 1367 1063 1428 nella
1085 1385 1162 1430 casa
1185 1362 1235 1428 de'
1254 1367 1408 1444 instigati
1432 1369 1520 1428 della
1534 1368 1591 1428 SS.

426 1475 565 1536 Trinitrl.
591 1475 660 1534 Con
685 1474 782 1550 quale
806 1474 921 1534 ordine
945 1475 1177 1550 procedessero
1201 1475 1232 1534 le
1247 1493 1323 1536 cose
1339 1493 1357 1536 e
1372 1493 1464 1536 come
1488 1475 1591 1536 venis-

426 1599 499 1642 sero
523 1583 676 1642 mandute
699 1581 741 1642 ad
765 1581 880 1641 alletia
911 1582 941 1642 le
970 1582 1183 1657 dispositioni
1212 1581 1391 1658 episcopali
1414 1582 1449 1642 di
1473 1581 1590 1660 Gnido,

426 1707 491 1748 uon
514 1689 542 1748 si
567 1689 726 1764 potrebbe
748 1687 826 1763 oggi
850 1688 1039 1750 descrivere
1061 1691 1292 1766 esattamente,
1318 1705 1354 1749 se
1376 1689 1409 1748 la
1426 1688 1593 1764 vigilante

420 1989 468 2056 (A.
487 1989 513 2043 S.
533 1989 569 2056 S,
588 1990 645 2044 vol.
667 1989 691 2042 Α
711 1990 729 2042 2
748 1987 831 2058 l‘290),
850 2006 873 2042 o.
892 1987 920 2048 31
941 2005 973 2043 ae
993 1989 1021 2042 n’
1035 1989 1073 2044 ha
1094 2007 1131 2042 un
1153 1989 1327 2060 esemplare,
1347 1989 1512 2055 trascritto,
1525 1988 1544 2040 il
1561 1989 1597 2039 l.⁰

420 2078 538 2132 ottobre
557 2077 605 2132 del
627 2077 703 2145 1326,
722 2080 759 2132 ob
777 2077 917 2146 ompinoli
941 2080 1082 2132 «munito
1101 2079 1200 2150 sigillo
1220 2095 1287 2130 cere
1306 2076 1397 2130 rubea
1415 2083 1447 2130 et
1465 2076 1539 2142 albe,
1559 2093 1597 2129 ex

421 2175 506 2237 parte
526 2167 562 2222 de
581 2167 653 2220 ioris
673 2167 746 2232 albe,
758 2173 789 2220 et
808 2168 890 2220 intus
910 2165 1010 2234 rubea,
1030 2167 1176 2238 pendente
1190 2168 1220 2220 in
1234 2166 1433 2235 sericogiallo
1446 2165 1595 2233 strabae,

420 2259 450 2310 iu
471 2275 529 2327 qua
548 2255 668 2327 quidem
696 2274 765 2310 cera
784 2255 876 2309 rubra
902 2263 990 2310 erant
1009 2257 1062 2311 hec
1081 2259 1247 2328 ymagines,
1276 2255 1423 2324 videlicet,
1452 2257 1482 2308 in
1511 2259 1596 2326 parte

421 2348 567 2418 superiori
586 2346 694 2400 subtus
714 2345 841 2416 quodam
862 2347 975 2400 cinorio
994 2353 1061 2400 erat
1079 2364 1188 2418 ymago
1208 2346 1294 2400 beate
1307 2345 1402 2400 Maria
1415 2346 1542 2416 virginis
1554 2363 1597 2399 se·

424 2438 523 2492 dentis
542 2455 608 2490 cum
630 2436 691 2490 titio
709 2453 764 2490 suo
784 2437 814 2488 in
835 2435 956 2490 brachio
975 2443 1006 2490 et
1029 2438 1058 2492 iu
1089 2437 1185 2492 medio
1213 2438 1285 2492 dicti
1314 2438 1405 2508 sigilli
1433 2443 1520 2492 eraut
1538 2436 1595 2490 due

421 2527 601 2598 immagines
620 2527 810 2596 episcopales,
830 2544 956 2596 quarum
977 2545 1055 2582 unus
1075 2533 1141 2580 erat
1160 2546 1227 2582 curn
1247 2529 1337 2582 mitra
1357 2533 1473 2582 etcum
1492 2526 1596 2580 baculo

420 2616 457 2670 ad
477 2615 703 2670 similitudinem
724 2616 896 2685 pastoralia,
917 2617 945 2670 iu
966 2617 1039 2686 pede
1058 2636 1130 2672 vero
1149 2617 1220 2671 dieti
1241 2619 1332 2688 sigilli
1346 2624 1531 2689 eratymago
1549 2633 1596 2669 cu-

420 2707 536 2762 iusdam
557 2707 655 2760 clerici
675 2703 842 2776 genuflexa,
855 2711 886 2758 et
899 2706 1011 2759 circum
1026 2707 1104 2760 circa
1115 2707 1227 2761 dictum
1248 2708 1382 2778 sigilium
1400 2713 1488 2760 erant
1501 2707 1597 2760 acuite

420 2799 474 2852 hec
493 2798 596 2850 lictere
616 2797 659 2849 sic
677 2794 819 2848 dieentes.
835 2826 866 2834 -
881 2795 954 2865 S(er)
967 2795 1122 2864 (luidonis,
1135 2797 1237 2852 divina
1256 2798 1457 2863 miseratione,
1467 2797 1596 2868 episcopi

421 2887 565 2941 aretini».
589 2917 613 2924 -
634 2885 718 2938 Nella
736 2887 838 2940 chorio
854 2885 1046 2953 fundationis
1066 2886 1121 2940 v'e
1143 2905 1182 2940 un
1202 2904 1290 2958 passo
1303 2887 1356 2940 che
1370 2885 1410 2939 ha
1423 2885 1494 2939 dato
1507 2887 1598 2956 luogo

419 2976 456 3030 ad
477 2994 536 3030 una
555 2975 630 3030 falsa
649 2975 760 3028 notizia
782 2974 977 3044 riguardante
996 2975 1015 3028 il
1037 2976 1126 3045 luogo
1147 2975 1221 3030 dove
1239 2977 1249 3030 i
1268 2974 1417 3030 fundatori
1437 2976 1532 3030 aeneai
1553 2974 1596 3028 fu·

420 3085 493 3122 rono
513 3066 615 3120 vestiti
636 3063 702 3118 dell’
716 3064 798 3116 abito
818 3065 990 3118 monastico.
1012 3065 1036 3118 Ε
1056 3066 1074 3118 il
1096 3071 1256 3136 segueute:
1288 3066 1532 3122 «committimus
1552 3083 1597 3120 re·

419 3159 526 3226 ligioso
545 3161 576 3210 et
595 3154 724 3209 discreto
745 3153 817 3220 viro,
840 3152 948 3206 domno
968 3154 1093 3208 Iohanni
1114 3156 1258 3208 monacho
1278 3155 1405 3210 Abbatie
1432 3155 1467 3209 de
1496 3155 1595 3223 Saseo,

419 3253 521 3300 nostre
541 3244 675 3311 diocesis,
690 3243 811 3295 nuncin
826 3241 988 3296 cathedrali
1009 3243 1133 3298 ecclesia
1154 3249 1258 3298 nostra
1277 3243 1430 3313 residenti,
1448 3247 1596 3300 additare

418 3334 586 3390 deecclesia
605 3334 672 3402 ipso
691 3335 959 3400 constructumper
979 3331 1096 3388 Cinnam
1125 3335 1160 3387 de
1192 3333 1311 3404 Touine,
1337 3333 1414 3404 quod
1437 3333 1597 3388 dedicatio-

419 3443 496 3492 nem,
515 3442 604 3494 quam
625 3423 718 3477 vultis
738 3421 835 3475 facere
857 3439 910 3476 vos
929 3424 1088 3493 prescripti
1108 3422 1287 3491 Bernartius,
1318 3424 1465 3478 Patritius
1493 3430 1595 3480 et....

419 3516 526 3582 socius,
545 3513 608 3568 Deo
627 3518 658 3566 et
677 3512 763 3566 beate
783 3511 877 3566 Maria
897 3511 932 3566 de
952 3511 1071 3566 Oliveto
1091 3514 1121 3566 in
1135 3512 1246 3582 Acone,
1269 3514 1300 3568 in
1320 3514 1502 3568 monasterio
1521 3531 1594 3568 oon-

418 3601 563 3657 etruendo
582 3600 638 3655 sub
657 3600 774 3670 Regula
795 3599 873 3652 beati
893 3599 1056 3667 Benedicti,
1087 3605 1118 3654 et
1145 3600 1251 3654 habitu
1273 3619 1307 3654 ac
1327 3600 1518 3656 observantia
1537 3620 1597 3655 mo-

418 3692 542 3760 nachali,
563 3691 688 3760 recipiat
707 3691 772 3744 vice
793 3695 915 3760 nostra3
942 3696 973 3742 et
1001 3689 1085 3744 albas
1114 3696 1223 3758 vestae,
1252 3708 1326 3762 quas
1351 3696 1471 3762 gestare
1491 3692 1596 3760 vultis,

417 3781 573 3837 benedicat
591 3790 623 3834 et
642 3779 747 3833 induat
766 3779 833 3832 illas
853 3779 937 3832 vobis
952 3803 976 3833 ».
998 3779 1084 3832 Molti
1104 3781 1234 3834 intesero
1253 3781 1271 3834 l'
1286 3781 1378 3834 inciso
1399 3812 1431 3820 -
1451 3782 1492 3834 od
1503 3783 1598 3836 altare

417 3873 448 3928 iu
468 3871 585 3926 ecclesio
604 3870 671 3940 ipso
689 3869 876 3941 (cathedrali)
896 3886 954 3922 ecc.
974 3901 1009 3908 -
1039 3887 1097 3924 nou
1117 3869 1167 3940 gia
1187 3887 1269 3924 corne
1287 3870 1405 3924 riferito
1423 3871 1452 3924 al
1471 3889 1596 3926 monaco

417 3963 575 4030 Giovanni,
597 3961 720 4015 addetto
748 3961 776 4013 al
805 3959 934 4014 servizio
964 3959 1140 4013 dell’altare
1160 3966 1311 4014 oostrutto
1332 3961 1410 4015 nella
1428 3960 1594 4015 cattedrale

418 4053 444 4106 d’
458 4052 571 4105 Arezzo
591 4050 628 4103 da
646 4049 735 4104 Gione
756 4048 785 4104 di
805 4047 927 4116 Tavino,
949 4066 995 4102 ma
1014 4065 1097 4104 come
1117 4048 1233 4104 riferito
1253 4051 1312 4104 alla
1331 4049 1521 4104 dedicauione
1539 4052 1594 4106 che

417 4142 571 4196 dovevano
590 4139 653 4194 fare
673 4139 737 4192 cole
756 4140 764 4190 i
785 4137 935 4192 feudatori
955 4137 984 4191 di
1005 4137 1211 4194 Montoliveto.
1240 4139 1278 4192 Di
1297 4140 1356 4210 qui,
1385 4139 1428 4210 gli
1447 4140 1594 4210 agiografi

418 4251 433 4285 e
452 4233 462 4284 i
481 4229 613 4297 cronisti,
633 4229 823 4298 riportarono
842 4229 1114 4297 promiscuamente
1136 4229 1163 4282 la
1182 4229 1347 4284 vestizione
1367 4229 1397 4282 di
1417 4228 1596 4300 queifonda·

418 4321 477 4374 tori
496 4320 555 4372 alla
574 4319 674 4372 chiesa
693 4316 858 4370 cattedrale
878 4315 914 4370 ed
933 4334 951 4370 a
970 4317 1070 4386 quella
1089 4316 1136 4371 dei
1155 4317 1295 4390 instigati
1314 4317 1391 4372 della
1410 4317 1594 4372 SS.Trinita.

417 4409 443 4463 Il
462 4409 679 4461 Lnuounnorrr
699 4404 821 4476 (near.
842 4406 922 4473 olio,
942 4405 966 4474 I,
987 4406 1030 4475 13)
1051 4403 1153 4461 stabili
1172 4409 1200 4461 la
1222 4408 1320 4462 verita
1342 4407 1409 4462 dell¹
1425 4407 1532 4460 ultima
1551 4425 1595 4462 as·

417 4498 551 4552 serzione
572 4494 743 4566 rigettando
763 4495 791 4550 la
810 4495 914 4564 prima,
934 4512 1016 4550 come
1035 4497 1188 4550 contraria
1207 4497 1234 4550 ai
1255 4496 1435 4552 documenti.
1454 4494 1512 4550 cn.
1531 4495 1594 4548 Spl-

417 4601 518 4642 ornae.
538 4585 638 4640 Mour.
659 4585 680 4653 l,
702 4585 736 4640 12
754 4602 836 4656 segg.
