3646 5520
400 573 405 582 ·
498 539 539 601 24
857 539 1001 603 Automt
1020 543 1207 616 Beroeam

1394 645 1559 656 ..ιιι-

498 734 607 798 autom
628 736 744 797 contra
765 734 852 798 hone
868 733 872 816 Ι
889 735 1016 810 statem,
1034 736 1110 815 quid
1131 735 1183 797 vel
1205 735 1240 796 in
1260 733 1393 796 minimo
1406 732 1492 805 actu,
1507 733 1564 793 im·
1599 761 1606 772 ·

499 839 613 918 pudico
626 839 777 902 videlicet
790 841 907 912 animo,
921 841 1046 914 lecerit,
1059 841 1089 902 ei
1106 839 1110 920 Ι
1126 841 1199 903 dem
1212 840 1399 902 subiacetur
1411 835 1563 899 vindicte.

498 944 731 1007 Nocturnalem
746 927 862 1024 nempe
872 961 1144 1024 synacym,seoun
1155 943 1162 1025 Ι
1175 945 1250 1006 dum
1262 944 1377 1023 regule
1387 943 1563 1014 decretum,

497 1052 565 1111 tam
587 1049 692 1111 estivo
712 1049 867 1128 tempore,
887 1066 984 1128 quam
1007 1050 1135 1128 yemali,
1154 1050 1317 1128 sagaciter
1333 1047 1337 1130 Ι
1353 1049 1563 1112 celebramus.

497 1155 566 1216 Neo
585 1155 673 1216 ullus
693 1155 782 1218 valet
801 1153 873 1233 post
893 1154 1099 1226 matutinum,
1118 1155 1182 1216 nisi
1201 1171 1275 1218 cum
1291 1153 1296 1236 Ι
1313 1156 1362 1216 sui
1383 1153 1513 1216 maioris
1528 1151 1564 1212 li·

497 1262 614 1330 centia,
629 1262 779 1324 dormire.
794 1262 887 1324 Unda
902 1261 1030 1340 quidam
1043 1261 1141 1323 abbas
1155 1262 1232 1325 iecit
1248 1260 1252 1342 Ι
1269 1263 1351 1334 deri,
1371 1263 1405 1322 in
1426 1261 1563 1337 siugulis

497 1369 589 1431 ostiis
608 1369 775 1441 cellarum,
796 1368 859 1430 duo
880 1368 1050 1441 foramina,
1069 1384 1132 1446 que
1152 1369 1225 1430 clau
1242 1367 1246 1447 Ι
1263 1384 1300 1430 sa
1319 1369 1352 1430 in
1373 1368 1562 1446 quibusdam

498 1473 703 1561 monasteriis
716 1473 824 1536 adbuc
837 1473 1009 1536 videntur:
1031 1473 1069 1536 ut
1089 1473 1199 1534 senior
1219 1472 1389 1550 deputatus
1408 1473 1563 1550 potuisset

497 1581 611 1644 videre
631 1579 804 1658 vigilantes
824 1577 858 1642 et
878 1578 1084 1642 dormientes.
1100 1580 1183 1642 Vota
1199 1577 1203 1658 Ι
1219 1579 1362 1656 proinde,
1385 1595 1447 1658 que
1468 1577 1563 1656 prod·

497 1688 612 1749 tantur
632 1686 689 1756 bii,
706 1686 761 1764 qni
783 1685 1000 1747 mundialibus
1013 1685 1102 1746 curis
1115 1685 1212 1746 dorsa
1225 1686 1408 1757 verterunt,
1424 1683 1429 1764 Ι
1445 1684 1563 1762 optime

498 1791 668 1870 hucusque
695 1791 730 1852 in
758 1790 870 1852 nostro
897 1789 1020 1862 ordina,
1047 1789 1327 1868 communiterque
1353 1787 1559 1868 servantum!

357 1945 384 1975 ,ο
400 1942 412 1974 ,
428 1933 473 1974 ΙΙ.
498 1897 656 1964 Quidnam
676 1896 716 1958 de
736 1895 917 1958 obedientia
929 1894 1048 1956 dicturi
1069 1897 1205 1956 sumusl
1225 1897 1260 1954 In
1283 1910 1347 1972 qua
1366 1893 1468 1955 totius
1488 1893 1563 1954 reli·

497 2002 603 2080 gionis
617 2000 764 2064 consistit
778 2001 880 2062 robur
893 2000 927 2062 et
945 2000 1207 2062 liniamentum
1229 1998 1321 2060 Omni
1336 1997 1463 2076 quidem
1479 2013 1563 2059 anno

496 2107 537 2168 ab
558 2107 674 2190 abbate
690 2105 694 2187 Ι
710 2107 744 2170 et
765 2106 1000 2178 visitatoribus,
1021 2105 1104 2167 flunt
1124 2105 1165 2168 de
1184 2121 1269 2168 novo
1289 2104 1420 2196 familie,
1437 2105 1563 2166 mutan-

495 2213 611 2291 tesque
632 2212 753 2274 iratres
769 2209 773 2292 Ι
790 2211 829 2274 de
849 2211 920 2274 loco
933 2211 973 2272 ad
989 2211 1104 2281 locum,
1118 2210 1155 2272 ut
1169 2210 1284 2274 melius
1298 2209 1453 2274 noverint
1466 2199 1563 2270 saluti

497 2318 605 2399 anime
616 2317 818 2394 singulorum
833 2314 837 2396 Ι
851 2317 1037 2378 convenire.
1048 2315 1183 2378 Mittunt
1194 2315 1323 2380 cedulae
1338 2317 1476 2394 singulis
1490 2333 1563 2378 con·

496 2423 658 2494 ventibus,
674 2422 707 2482 in
721 2421 837 2498 quibus
851 2437 909 2482 con
929 2418 933 2500 Ι
950 2421 1100 2481 tinentur
1113 2422 1324 2491 mutationcs;
1339 2420 1454 2498 quibus
1469 2421 1566 2482 sicuti

496 2529 675 2606 cvangelio,
700 2529 768 2589 tani
796 2527 913 2604 prelati
940 2542 1035 2605 quam
1063 2527 1180 2588 subditi
1197 2525 1202 2607 Ι
1218 2526 1379 2588 obediunt.
1401 2527 1562 2587 Transmi-

496 2634 668 2710 grantibus
686 2633 772 2696 enim
794 2633 833 2694 de
854 2633 925 2694 loco
944 2633 984 2694 ad
1004 2633 1103 2694 alium
1117 2632 1234 2703 looum,
1248 2635 1381 2710 propter
1396 2629 1401 2710 Ι
1417 2631 1564 2693 obedien·

496 2739 585 2812 tiam,
606 2739 704 2802 datur
717 2757 737 2800 a
751 2739 860 2816 priore
876 2739 1076 2810 Monasterii,
1090 2755 1110 2798 a
1123 2755 1189 2816 quo
1200 2738 1367 2810 recedunt,
1381 2753 1421 2815 pe
1437 2736 1441 2817 Ι
1456 2738 1562 2810 cunia,

371 2885 384 2917 ο
428 2902 434 2915 ,
497 2863 610 2908 eorum
631 2846 733 2908 victui
754 2846 950 2918 necessaria,
970 2846 1047 2907 dum
1072 2844 1281 2907 itinerantur.
1301 2847 1339 2905 In
1366 2859 1437 2905 com
1452 2841 1456 2922 Ι
1473 2843 1561 2904 muni

497 2951 651 3028 protecto,
666 2950 760 3012 iuxta
778 2950 1036 3012 beatissimorum
1051 2950 1180 3026 patrum
1196 2949 1293 3026 leges,
1307 2948 1465 3018 vivimus;
1479 2963 1540 3008 nec
1555 2944 1560 3024 Ι

496 3025 584 3114 uude
606 3055 681 3132 quid
702 3070 783 3127 esse,
796 3055 905 3118 iissre
919 3055 1024 3118 suist.
1043 3053 1097 3115 nit
1116 3053 1245 3132 quidem
1266 3049 1559 3130 avidissumus!

496 3161 695 3237 temporibus
715 3162 878 3240 congruis,
900 3177 1019 3240 magna
1038 3160 1203 3239 inquisitio
1223 3159 1451 3238 proprietatis;
1475 3157 1561 3220 enini

498 3267 569 3344 post
584 3264 589 3344 Ι
605 3267 793 3330 triduanum
813 3269 854 3330 ab
875 3269 922 3330 eis
942 3269 1120 3330 terminum
1141 3267 1334 3346 impositum,
1348 3267 1386 3327 ut
1400 3265 1499 3344 moris
1513 3264 1562 3326 est

431 3428 437 3442 ,
496 3371 584 3442 dare,
598 3369 602 3452 Ι
615 3372 642 3432 si
657 3373 730 3450 quis
743 3389 855 3450 parum
870 3374 923 3438 vel
937 3373 1073 3434 multum
1088 3371 1263 3450 possidens,
1276 3371 1392 3434 contra
1405 3370 1563 3432 maiorum

496 3475 632 3536 volunta
648 3473 652 3556 Ι
671 3477 744 3548 tem,
759 3492 824 3539 non
838 3476 1008 3539 ultroneus
1029 3476 1178 3554 panderit
1192 3476 1343 3544 delictum
1358 3491 1462 3547 suum,
1476 3474 1561 3536 illico

496 3595 634 3642 excomu
651 3579 656 3660 Ι
672 3581 812 3644 nicatur.
826 3583 976 3645 ceterum
991 3581 1187 3653 visitatores,
1201 3581 1240 3642 de
1261 3580 1458 3642 monasterio
1477 3577 1561 3658 quod

496 3686 634 3747 visitare
648 3685 652 3766 Ι
665 3686 753 3760 runt,
764 3688 937 3767 antequam
948 3687 1112 3759 recedant,
1124 3687 1248 3750 solicite
1259 3687 1450 3750 scrutantur
1463 3685 1561 3748 cellas

496 3790 647 3862 fratrum,
658 3807 701 3854 ne
713 3792 757 3852 ali
774 3789 778 3872 Ι
795 3793 866 3869 quis
877 3793 910 3854 in
923 3791 988 3854 tam
1000 3792 1106 3870 gravi,
1117 3792 1320 3870 nefandoque
1331 3791 1447 3853 delicto
1457 3789 1562 3852 iaceat

440 3961 444 3970 ,
496 3895 627 3972 ignotus
643 3893 659 3974 Ι.
673 3897 771 3973 Atqui
789 3899 826 3956 ut
843 3898 918 3958 olim
933 3895 1097 3974 regularis
1111 3895 1278 3958 exercitiis
1291 3894 1492 3972 disciplinam
1507 3910 1561 3956 ou·

496 3999 639 4060 stodiunt
652 3996 656 4078 Ι
669 3998 798 4062 fratres.
809 4000 1013 4062 Nocturnum
1023 4013 1104 4062 vero
1114 3999 1332 4078 diurnumque
1342 3999 1444 4061 divini
1454 3998 1562 4076 operia

495 4103 646 4177 officium,
665 4121 740 4166 com
760 4121 879 4184 magna
894 4103 899 4186 Ι
915 4105 1085 4183 diligentia
1104 4105 1300 4179 celebratur,
1317 4106 1384 4168 tam
1401 4104 1562 4168 cantando

495 4226 592 4289 quam
620 4210 765 4288 legendo.
788 4209 827 4272 ln
852 4211 1016 4290 plerisque
1040 4227 1093 4274 nio
1109 4209 1113 4292 Ι
1129 4211 1292 4286 nastsriis,
1316 4211 1352 4274 in
1375 4211 1444 4274 toto
1467 4226 1562 4289 yeme

496 4315 649 4378 cantatur
670 4314 875 4390 matutinum,
890 4313 1055 4394 potissime
1069 4318 1102 4380 in
1118 4331 1169 4380 mo
1185 4313 1190 4398 Ι
1207 4315 1351 4382 nasterlo
1365 4317 1482 4408 Montis
1497 4315 1560 4378 Oli·
