3642 5510
484 593 533 642 xx
932 577 1107 644 Praefatio

482 772 611 862 pariter
645 801 660 830 ι
683 771 900 840 Olivetanum
926 801 940 830 »
974 772 1089 840 eodem
1116 777 1275 859 tempore,
1299 769 1438 838 sollicite
1464 793 1551 838 com·

484 910 606 976 ponere
627 887 866 974 praescripsere
882 889 951 976 (1);
982 916 1005 970 Υιι
1028 885 1269 954 Chronicorum
1292 917 1307 945 »
1342 886 1485 973 denique
1511 886 1551 951 li-

484 1003 561 1069 bros
584 1025 605 1068 a
625 1002 788 1069 monacho
824 1001 1042 1086 Oanoellario,
1077 1001 1266 1068 declinante
1302 1001 1432 1068 saeculo
1465 1001 1548 1086 XV,

484 1117 626 1185 describi
658 1117 809 1184 fecerunt
825 1117 883 1206 (2).
908 1117 1001 1196 Quae
1031 1117 1145 1185 omnia
1174 1116 1361 1183 maximum
1390 1115 1550 1184 historiae
1616 1149 1620 1156 ·

486 1339 571 1396 milia
590 1339 649 1396 sibi
667 1339 824 1412 assignata
841 1357 895 1412 per
913 1355 956 1410 se,
977 1337 1147 1396 secundum
1166 1337 1302 1394 ordinem
1316 1342 1347 1392 et
1359 1336 1549 1410 prioritatem

486 1429 634 1500 locorum,
654 1446 691 1484 ao
709 1427 833 1484 nomina
857 1433 998 1484 veterum
1024 1427 1162 1500 priorum
1186 1424 1376 1482 familiarum
1395 1429 1427 1482 et
1445 1424 1550 1504 offitia-

486 1517 565 1572 linm
583 1516 751 1572 eorundem
771 1515 973 1588 dampnando,
988 1533 1060 1572 cum
1072 1515 1236 1588 eliguntur
1253 1515 1337 1582 novi,
1359 1513 1551 1586 quemadmo-

487 1606 560 1661 dum
579 1605 611 1660 in
629 1605 745 1661 nostris
763 1604 1042 1660 constitutionibus
1060 1603 1208 1660 seriosius
1227 1602 1414 1660 continetur.
1435 1603 1551 1658 Factus

487 1701 535 1750 eet
554 1700 658 1750 autem
677 1693 755 1749 liber
779 1694 838 1749 iste
857 1700 889 1750 et
906 1693 1111 1766 principiatus
1137 1709 1216 1748 anno
1242 1691 1365 1747 Domini
1389 1691 1550 1747 millesimo

488 1781 571 1838 000ο
589 1781 781 1838 11111111Ηο
800 1781 968 1838 indictione
989 1781 1053 1858 [nt
1068 1785 1206 1854 tempore
1218 1779 1403 1837 venerabilis
1421 1779 1454 1836 in
1466 1779 1551 1836 chri-

487 1875 536 1926 sto
555 1870 652 1943 patris
672 1875 703 1926 et
723 1870 827 1926 domni
840 1869 944 1926 domni
962 1869 1079 1926 Mathei
1097 1869 1231 1924 Laudini
1242 1868 1279 1924 de
1292 1868 1385 1924 Prato
1403 1867 1553 1950 generalis

488 1959 607 2014 abbatis
625 1958 785 2031 religionis
804 1965 938 2015 nostrae.

523 2047 712 2119 ‹Incipiunt
731 2046 855 2103 nomina
874 2047 1014 2103 omnium
1032 2047 1172 2120 priorum
1191 2047 1448 2103 monasteriorum
1460 2051 1551 2118 atque

487 2137 627 2192 locorum
646 2136 818 2209 Religionis
837 2137 965 2192 Sanctae
984 2136 1098 2192 Mariae
1119 2135 1232 2192 Montis
1246 2135 1371 2206 Oliveti,
1385 2153 1551 2207 eorumque

488 2226 663 2282 offitialium
682 2232 714 2282 et
733 2225 987 2281 conventualium
1005 2225 1139 2280 fratrum
1158 2225 1364 2282 subditorum.
1385 2225 1447 2292 Qui
1458 2226 1492 2281 in
1505 2243 1552 2281 ca·

485 2314 589 2385 ‘pitulo
606 2315 745 2386 generali
767 2313 901 2368 ordinati
920 2313 1060 2383 fuerunt,
1075 2318 1212 2384 tempore
1225 2313 1409 2370 venerabilis
1422 2314 1455 2370 in
1468 2313 1553 2370 Chri-

488 2408 537 2457 sto
556 2405 653 2474 patris
672 2407 703 2459 et
721 2402 825 2458 domni
843 2402 945 2458 domui
965 2401 1081 2458 Mathai
1100 2400 1253 2472 qnondam
1265 2401 1398 2458 Landini
1410 2403 1446 2459 de
1461 2403 1551 2457 Proto

486 2490 640 2561 generalis
658 2489 778 2545 abbatis
806 2496 838 2546 et
865 2489 1047 2545 benemeriti
1075 2488 1254 2544 monasterii
1283 2489 1410 2546 Sanctae
1438 2490 1552 2546 Mariae

489 2578 604 2634 Montis
622 2577 737 2634 Oliveti
755 2577 895 2651 predicti,
911 2585 942 2633 et
955 2577 1092 2634 omnium
1111 2577 1367 2634 monasteriorum
1380 2577 1439 2634 sibi
1450 2579 1554 2633 imme-

489 2667 570 2722 diate
590 2665 810 2722 subiectorum.
833 2665 923 2732 Quod
942 2666 1065 2738 quidem
1084 2667 1257 2738 capitulum
1276 2666 1465 2723 celebratum
1490 2667 1553 2723 fuit

490 2755 524 2811 in
535 2755 618 2811 dicto
628 2754 791 2826 principali
801 2755 987 2812 monasterio
999 2755 1114 2811 Montis
1125 2753 1239 2810 Oliveti
1250 2754 1388 2827 predicti,
1401 2757 1459 2810 sub
1473 2773 1552 2810 anno

489 2822 715 2900 mammetis
735 2842 912 2899 romanicae
932 2843 1094 2899 millesimo
1121 2841 1386 2900 ooonrnvnno
1409 2844 1553 2900 rnorem-

490 2952 528 2990 ne
549 2933 613 3009 [II],
633 2933 742 2989 diebus
761 2933 870 3004 primu,
891 2933 1035 3002 secundo,
1055 2933 1253 2988 1110011111ο
1271 2932 1385 3008 mensis
1403 2933 1484 3004 maii,
1503 2933 1552 2988 ab·

490 3023 628 3079 batiatns
647 3021 697 3077 sui
716 3039 795 3078 anno
814 3023 958 3078 secundo.
982 3041 996 3074 ›

525 3114 563 3182 (1)
583 3112 628 3166 De
647 3128 707 3183 qno
728 3111 969 3182 ‹Necrologio›
988 3110 1063 3166 haec
1076 3110 1171 3166 tradit
1184 3117 1289 3166 noster
1307 3109 1550 3168 Bonhavertius:

490 3220 505 3256 ι
526 3200 584 3256 Nel
603 3198 823 3271 quindicesimo
843 3217 922 3255 anno
944 3199 998 3274 [del
1015 3217 1064 3253 auo
1091 3199 1235 3254 abbaticio
1254 3199 1355 3272 (1337),
1381 3200 1405 3254 il
1427 3200 1463 3258 B.
1483 3200 1554 3254 Ber·

490 3287 592 3363 nardo]
613 3289 679 3344 fece
698 3287 763 3344 fare
785 3306 827 3344 nn
846 3289 926 3344 altro
946 3288 1035 3360 libro,
1056 3289 1108 3344 nel
1127 3288 1219 3360 quale
1237 3288 1265 3344 si
1283 3288 1424 3346 scrivono
1443 3289 1455 3346 i
1472 3287 1555 3344 nomi

490 3377 521 3433 di
541 3376 620 3433 tutti
637 3376 683 3447 gli
702 3376 794 3432 morti
811 3376 848 3432 de
867 3376 897 3431 le
915 3380 1022 3432 nostra
1040 3375 1213 3447 Religione,
1233 3377 1328 3434 efece
1341 3395 1385 3433 un
1400 3377 1452 3433 bel
1470 3393 1555 3451 proe-

492 3463 552 3519 mio
571 3463 674 3518 inanzi
692 3482 710 3519 a
727 3464 813 3520 detto
832 3463 922 3535 libro,
943 3463 1104 3520 escrtando
1123 3463 1170 3535 gli
1184 3463 1303 3520 fratelli
1316 3463 1354 3520 ad
1365 3482 1448 3521 esser
1466 3465 1555 3522 solle-

491 3551 545 3606 citi
564 3569 582 3604 a
600 3551 624 3606 li
642 3550 798 3624 spirituali
811 3550 960 3623 suffraggi
972 3569 1026 3624 per
1038 3551 1049 3606 i
1062 3549 1194 3623 delenti,
1205 3569 1259 3625 per
1272 3552 1291 3607 l'
1300 3551 1400 3608 anime
1413 3551 1458 3608 de'
1470 3551 1555 3625 quali

490 3638 582 3713 (ultre
605 3640 650 3710 gli
678 3639 757 3694 offici
784 3657 799 3694 e
825 3657 923 3696 messe
945 3641 1075 3710 solenni,
1102 3640 1158 3696 che
1183 3641 1212 3698 el
1234 3640 1396 3696 celebrans
1420 3640 1453 3696 in
1477 3641 1555 3696 tutti

491 3728 537 3799 gli
555 3727 734 3784 Monasterii
753 3727 789 3782 de
812 3728 843 3783 la
861 3727 1116 3803 Congregetione)
1141 3727 1213 3801 ogni
1237 3729 1400 3800 Sacerdote
1424 3729 1490 3786 dice
1508 3734 1555 3785 tre

492 3817 591 3872 Messe
609 3834 663 3888 per
681 3815 902 3888 oiascheduno;
924 3823 971 3872 tre
990 3817 1081 3873 officii
1098 3817 1144 3889 gli
1156 3817 1317 3874 Ghierioie
1336 3820 1364 3875 le
1386 3817 1553 3890 Monaohe;

492 3925 508 3962 e
529 3912 668 3962 trecento
687 3907 780 3962 Pater
798 3905 908 3979 nostri,
923 3925 939 3962 e
952 3908 1029 3963 altra
1050 3913 1135 3963 tante
1154 3908 1220 3963 Ave
1239 3907 1334 3964 Mario
1347 3908 1393 3979 gli
1405 3907 1555 3979 conversi,

492 4013 509 4050 e
528 3995 665 4051 comessi.
688 3994 956 4068 »modrimem
976 4014 1021 4067 op.
1042 3997 1101 4068 cit,
1122 4015 1151 4068 p.
1172 3998 1218 4069 43,
1238 3998 1293 4069 44).

529 4084 618 4150 Quod
636 4083 758 4155 quidem
778 4101 813 4141 eo
834 4102 914 4139 anno
938 4089 1094 4141 statutum
1119 4085 1228 4156 fuisse,
1254 4086 1344 4158 plura
1368 4085 1494 4158 insuper
1513 4089 1556 4140 te·

492 4179 617 4228 stantur
635 4172 730 4228 buius
749 4173 955 4244 ‹Neorologii
973 4172 1158 4230 olivetani»
1176 4173 1372 4246 exemplaria,
1387 4189 1465 4244 quae
1489 4189 1555 4245 pos·

492 4261 636 4331 eidemuS,
655 4260 693 4316 ab
712 4277 792 4316 anno
811 4262 929 4318 scilicet
948 4262 1017 4318 1337
1036 4261 1139 4318 omnio
1156 4262 1282 4318 initium
1301 4261 1464 4318 sumentia.

528 4351 566 4420 (2)
586 4348 646 4414 Qui
667 4348 918 4406 ‹Chronicorum
936 4351 1008 4407 libri
1022 4371 1048 4422 a,
1067 4351 1164 4423 vulgo
1187 4333 1390 4408 ‹Chronicon
1402 4350 1555 4406 Cancella·
1651 4366 1655 4374 ·

492 4438 583 4494 riae»
602 4438 640 4494 ab
659 4436 749 4494 initio
769 4438 1022 4518 congregationis
1042 4439 1222 4501 Olivetanee
1240 4439 1389 4504 disserere
1409 4439 1445 4499 dc
1464 4439 1555 4500 robus

493 4527 608 4588 nostris
625 4525 790 4601 incipiunt.
