3642 5510
607 539 752 604 Antonii
771 544 959 617 Beroeneis
1200 553 1312 602 xxxix

246 736 302 804 sed
328 736 502 803 luoulento
524 755 685 820 sermone,
715 741 857 802 oonatur
877 737 932 819 (1).
949 735 1042 814 Quae
1068 734 1312 820 Bestitudines,

243 853 343 940 juxte
373 856 523 918 mentem
549 850 741 938 Bargousis,
765 875 825 939 per
852 874 910 918 sex
940 851 1065 938 gaudia
1091 873 1313 939 supernorum

247 968 372 1036 oivium
387 967 547 1055 compleri
561 967 753 1055 putandum
767 973 828 1034 est.
844 968 922 1056 Ipse
944 968 1035 1034 enim
1050 967 1162 1034 addit:
1193 996 1208 1026 «
1223 966 1314 1033 Soire

247 1105 393 1172 namque
415 1083 574 1150 debemus
596 1083 686 1170 quod
707 1085 888 1150 eleotorum
906 1083 1070 1170 gaudium
1091 1083 1129 1150 in
1144 1105 1202 1150 sex
1224 1081 1315 1170 prin·

247 1199 400 1288 cipe-liter
421 1199 584 1283 consistit,
608 1198 743 1284 seilicet,
766 1199 803 1265 in
818 1199 947 1268 visione
969 1205 1004 1265 et
1026 1199 1219 1285 cognitione
1241 1219 1315 1264 san·

247 1314 394 1382 ctissime
416 1313 611 1398 Trinitatis3
628 1315 666 1380 in
688 1314 882 1381 amoenitate
904 1314 985 1398 loci}
1008 1313 1046 1380 in
1063 1314 1219 1381 societate
1242 1335 1315 1379 son·

248 1436 396 1514 etorum3
419 1430 458 1496 in
479 1427 724 1516 glorificatione
753 1451 946 1518 corporum,
977 1429 1015 1496 in
1044 1429 1186 1514 inferno,
1217 1427 1315 1494 etin

207 1601 214 1614 .
248 1547 417 1614 mundo.»
438 1545 531 1625 Ques
552 1545 686 1633 gaudia,
710 1566 861 1613 sermone
882 1545 1071 1612 eruditione
1092 1544 1251 1630 eonfert0,
1272 1543 1315 1610 ab

248 1667 383 1728 suetore
405 1668 520 1729 nostro
541 1661 754 1749 explicantur
775 1662 831 1746 (2).
1008 1650 1011 1656 ’
1225 1675 1235 1708 2
1248 1660 1313 1744 &53:553

293 1778 376 1862 Hoo,
400 1799 485 1865 opus
507 1776 708 1864 Bargousis:
732 1776 815 1845 haee
836 1777 895 1845 via
917 1777 1120 1864 sequendae
1142 1775 1316 1842 Bartholo

250 1914 344 1960 maeo
367 1892 488 1960 Faooio
510 1891 548 1958 in
570 1892 772 1958 tractatione
794 1921 809 1951 ι
825 1893 866 1958 de
880 1887 1049 1979 dignitate
1064 1891 1211 1960 hominis
1225 1896 1260 1957 et
1275 1891 1316 1956 de

250 2007 447 2074 exoellentia
468 2007 637 2074 humanae
658 2007 751 2074 vitae
766 2036 797 2072 s.

294 2121 360 2189 Sed
386 2143 453 2210 quo
482 2127 631 2211 tempore
658 2121 740 2188 heeo
769 2122 903 2210 scripsit
925 2123 1107 2209 Bargensis
1135 2127 1257 2206 noster,
1282 2127 1316 2186 et
1343 2109 1490 2235 mm?

251 2259 317 2324 qua
331 2237 463 2304 ratione
478 2237 549 2325 ipse
563 2237 704 2304 Faooius
719 2259 818 2325 opere
832 2237 999 2328 magistri,
1015 2239 1071 2306 vel
1085 2237 1192 2325 patris
1211 2237 1264 2304 sui
1278 2237 1316 2302 in

251 2373 363 2421 amore
386 2351 523 2436 Christi,
547 2373 628 2419 usus
651 2352 728 2418 est?
750 2352 871 2419 Paucis
894 2354 1141 2442 respondemus.

295 2467 472 2556 Scripsisse
502 2467 783 2554 quadragesimali
806 2473 965 2556 tempore,
990 2474 1070 2536 ante
1102 2467 1226 2534 festum
1256 2467 1318 2534 Pa

252 2585 358 2668 sohae,
388 2583 570 2669 Bargensis
591 2582 663 2670 ipse
685 2587 840 2667 testatur,
864 2583 902 2650 in
924 2583 1066 2671 epistola
1092 2581 1314 2664 dedicatoria3

252 2721 342 2765 anno
364 2719 446 2766 vero
470 2696 567 2780 1447,
591 2719 634 2764 ex
655 2726 670 2755 ι
686 2697 910 2764 Familiarum
934 2697 1096 2764 Tabula»
1122 2697 1220 2764 faoile
1235 2697 1318 2762 erui-

251 2819 319 2880 tur.
342 2813 433 2880 Nam
460 2842 475 2871 ‹
492 2811 680 2906 capitulum
702 2813 858 2899 generale
880 2835 984 2902 prope
1006 2813 1186 2880 Senensem
1204 2813 1319 2880 eivita-

251 2933 321 2994 tem
331 2927 370 2994 in
384 2925 538 3015 proximo
549 2906 786 2994 celebrandum
798 2957 813 2986 a
831 2928 874 2994 ed
885 2928 975 3015 quod
986 2927 1167 3014 Bargensis
1179 2932 1319 3014 quanto-

251 3043 322 3110 oius
345 3041 411 3108 sibi
432 3041 683 3130 properandum
705 3064 775 3108 esse
798 3043 925 3128 scribit,
949 3043 1177 3109 coadunatum
1193 3047 1244 3108 est
1265 3041 1319 3107 die

252 3157 375 3224 ultima
397 3155 522 3224 mensis
549 3155 690 3244 ApriIis,
715 3179 801 3244 quae
830 3157 899 3223 fuit
924 3157 1092 3224 dominioe
1118 3157 1220 3224 tertia
1242 3161 1319 3245 post

128 3301 134 3314 ·
253 3272 392 3357 Pesoho,
415 3293 506 3338 anno
530 3269 627 3354 1447,
650 3270 687 3338 in
713 3272 862 3339 coenobio
888 3273 1016 3339 Montis
1032 3272 1158 3341 Oliveti
1171 3271 1317 3358 Majoris,

252 3409 357 3476 prope
378 3386 496 3454 Senos:
520 3391 554 3450 et
576 3383 667 3452 inter
688 3391 891 3473 praesentes,
914 3409 1097 3475 vooemque
1111 3387 1148 3453 in
1170 3385 1319 3474 oepitulo

290 3662 330 3736 (l)
348 3663 396 3717 En
415 3661 473 3718 tibi
484 3661 549 3718 XII
560 3662 775 3719 Bestitudines
787 3661 959 3718 scelestium
972 3661 1087 3718 oivium
1099 3661 1132 3716 in
1146 3677 1236 3733 opere
1247 3659 1320 3716 Bar-

254 3749 358 3822 gensis
381 3749 597 3822 explieatee.1
619 3749 804 3806 Bestitndo:
830 3750 963 3806 Satietas
985 3749 1051 3806 sine
1074 3748 1264 3806 Infirmitate.
1285 3779 1320 3790 -

254 3838 305 3894 II:
326 3837 347 3896 J
349 3843 485 3894 aventus
503 3838 570 3894 sine
589 3843 759 3896 seneotnte.
774 3869 810 3881 -
821 3837 890 3894 III:
911 3837 1042 3894 Satietos
1055 3839 1120 3894 stne
1140 3835 1273 3892 fastidio.
1284 3867 1319 3876 -

254 3925 317 3981 IV:
337 3925 480 3982 Libertas
501 3944 674 3999 eorporum.
695 3957 729 3970 ·-
749 3925 794 3981 V:
815 3926 1022 3982 Pulohritudo
1046 3925 1113 3982 sins
1136 3924 1263 3980 malitia.
1284 3955 1321 3964 -

255 4013 316 4068 VI:
336 4013 571 4086 Impossibilitas
591 4021 623 4070 et
640 4014 867 4070 immortintas.
887 4045 924 4056 -
942 4013 1003 4069 VII
1013 4032 1020 4068 :
1042 4011 1241 4068 Abundantia
1253 4011 1319 4068 sine

255 4101 389 4158 defertu.
409 4131 445 4142 -
463 4101 560 4158 VIII:
589 4103 654 4158 Pax
676 4101 743 4158 sine
765 4101 1009 4174 perturbatione.
1035 4132 1070 4143 -
1092 4100 1157 4156 IX:
1183 4098 1320 4172 Requies

254 4187 321 4245 sine
338 4187 453 4244 labore.
475 4221 507 4232 —
526 4189 574 4245 X:
595 4189 729 4246 Soientia
747 4189 813 4245 sine
831 4188 1016 4262 ignorantia.
1030 4219 1065 4258 ή-
1078 4188 1144 4244 XI:
1164 4187 1270 4243 Gloria
1289 4191 1321 4242 et

254 4276 363 4347 honor,
378 4294 469 4350 quem
483 4294 588 4334 omnes
600 4277 694 4334 eleoti
706 4282 817 4333 mutuo
835 4277 895 4333 sibi
912 4281 1081 4350 praestant.
1095 4306 1130 4318 -
1142 4275 1225 4330 XII:
1239 4273 1320 4329 Gau-

254 4363 340 4420 dium
358 4363 424 4421 sine
442 4365 581 4422 tristitia.

291 4453 331 4526 (2)
350 4453 434 4510 Haeo
453 4453 555 4510 omnia
573 4453 774 4510 eontinentur
791 4455 824 4508 in
843 4453 905 4508 XX
923 4453 1007 4508 foliis
1027 4451 1126 4508 nostri
1145 4449 1273 4506 Codicis.
