3642 5510
468 515 506 578 10
826 517 971 578 Antonii
989 515 1176 590 Barpeasto
1210 585 1212 590 ,

464 711 613 786 centiam,
627 709 661 772 ot
673 711 801 790 pulcre:
815 727 888 774 cum
902 711 990 774 enim
1004 710 1039 773 in
1052 709 1117 776 hoo
1128 711 1245 774 mundo
1256 712 1368 776 sancte
1380 711 1530 785 vivimus,

464 819 540 900 quid
556 815 561 900 Ι
577 817 663 880 aliud
684 832 819 896 presens
839 817 909 880 vite
928 817 1020 880 nobis
1040 819 1100 892 est,
1121 819 1184 881 nisi
1205 819 1341 898 quedam
1359 819 1458 894 scala,
1473 835 1529 898 per

464 943 561 1008 quam
582 925 687 990 celum
707 941 804 988 ascen
821 923 826 1006 Ι
842 924 966 986 dimusi
987 924 1081 990 Unde
1107 925 1256 988 dominus
1283 926 1318 988 in
1344 925 1530 990 summitate

465 1033 552 1096 scale
564 1031 655 1094 visus
669 1030 719 1094 esi
732 1031 830 1104 stare,
850 1031 964 1108 aperte
984 1028 1077 1093 osten
1093 1028 1098 1111 Ι
1113 1029 1203 1104 dens,
1224 1029 1308 1110 quod
1329 1046 1459 1111 sempor
1472 1047 1529 1110 pro

466 1155 569 1218 regno
595 1137 749 1212 celorum,
774 1137 968 1218 pugnantes,
998 1138 1132 1217 paratus
1160 1138 1204 1200 sit
1229 1138 1395 1202 adiuvare.
1412 1137 1417 1220 Ι
1432 1139 1527 1204 Stare

465 1259 616 1324 namque,
635 1241 793 1307 certantis
812 1242 866 1305 vel
886 1241 1071 1305 adinventis
1090 1243 1150 1307 est.
1171 1244 1254 1305 Nam
1281 1243 1457 1317 certantes,
1485 1245 1531 1307 al·

466 1353 570 1416 terius
585 1349 590 1433 Ι
606 1351 728 1430 iugiter
747 1351 846 1428 egent
865 1349 996 1412 auxilio.
1017 1349 1094 1412 Post
1114 1347 1186 1422 heo,
1206 1350 1288 1413 inito
1307 1351 1451 1426 consilio,
1465 1353 1530 1416 sta·

325 1491 359 1522 02
405 1489 439 1522 u·
466 1461 560 1523 tuere
580 1459 643 1522 albi
664 1473 702 1520 oo
719 1456 722 1538 Ι
739 1457 818 1520 loris
838 1457 1004 1536 suscipere
1022 1455 1185 1520 habitum:
1206 1459 1291 1537 quod
1311 1459 1345 1522 et
1368 1459 1529 1524 iecerunt.

290 1561 333 1593 Ν·
466 1569 530 1629 Per
548 1564 729 1652 albedinem
749 1577 895 1642 congrue
916 1561 988 1640 puri
1006 1559 1009 1642 Ι
1026 1561 1127 1625 tatem
1148 1563 1230 1625 solet
1246 1563 1427 1644 designari:
1447 1566 1528 1629 atte-

466 1674 574 1736 stante
593 1672 762 1735 Salomone
782 1671 816 1734 et
835 1669 979 1732 dicente:
1007 1670 1094 1732 omni
1120 1669 1267 1750 tempore
1296 1671 1380 1734 vesti
1396 1670 1402 1753 Ι
1418 1673 1527 1736 menta

466 1783 523 1842 tua
536 1779 602 1842 sint
622 1777 765 1841 candida.
780 1776 839 1858 (1).
853 1776 947 1839 Unde
961 1775 994 1840 et
1011 1775 1187 1850 iohannes,
1201 1777 1234 1838 in
1255 1775 1461 1858 apochalipsi‚
1481 1779 1528 1840 in·

340 1918 368 1946 0.
396 1935 402 1947 .
465 1887 551 1968 quit:
568 1885 572 1968 Ι
589 1886 660 1951 Vidi
675 1885 792 1966 viginti
813 1884 954 1964 quatuor
974 1885 1119 1948 seniores
1140 1883 1422 1968 circumami[c]tos
1436 1887 1527 1950 stolis

464 1995 546 2057 albis
558 1993 616 2074 (2),
627 2009 685 2072 per
697 1991 701 2074 Ι
714 2009 803 2072 quos,
814 1993 851 2054 ut
861 1992 939 2054 dicit
950 1991 1142 2063 Richardus,
1154 1992 1528 2072 noviveterisquetesia·

465 2101 565 2163 menti
586 2100 705 2178 patres,
719 2098 754 2160 et
770 2095 774 2178 Ι
790 2098 928 2177 gloriam
942 2097 1143 2160 triumfantis
1156 2115 1195 2160 ao
1209 2098 1379 2162 militantis
1393 2100 1528 2162 ecclesie

465 2209 688 2287 designantur.
702 2208 834 2278 Iterum,
849 2206 924 2267 dum
938 2205 1000 2268 duo
1017 2203 1021 2285 Ι
1037 2205 1140 2268 decim
1155 2205 1243 2268 milia
1254 2205 1399 2285 signatos
1410 2206 1529 2270 descri-

465 2316 567 2389 beret,
580 2315 642 2378 ait:
655 2316 711 2396 qui
725 2331 836 2377 omnes
850 2313 960 2375 amicti
973 2312 1070 2376 erant
1083 2313 1133 2374 sto
1149 2311 1154 2392 Ι
1170 2312 1210 2373 lis
1224 2313 1315 2386 albis,
1329 2312 1363 2374 et
1376 2314 1480 2392 palme
1494 2315 1528 2376 in

465 2426 612 2488 manibus
625 2439 738 2488 eorum
751 2421 808 2503 (3).
820 2423 900 2491 Quid
911 2423 996 2485 enim
1010 2438 1068 2500 per
1078 2421 1177 2482 stolas
1188 2419 1286 2494 albas,
1298 2420 1360 2482 nisi
1372 2421 1529 2484 munditia

463 2533 581 2596 mentis
595 2531 793 2611 exprimitur
810 2531 862 2610 [l].
877 2531 988 2592 Palma
1001 2545 1082 2591 vero
1095 2528 1215 2590 dantur
1225 2526 1300 2600 hiis,
1311 2527 1366 2606 qui
1377 2528 1416 2590 de
1426 2529 1528 2607 prelio

463 2639 591 2702 domum
604 2637 609 2719 Ι
621 2637 761 2702 redeunt
771 2636 921 2698 victores.
933 2633 1042 2713 Atqui,
1051 2633 1107 2712 qui
1118 2633 1158 2695 de
1169 2631 1230 2694 hoc
1238 2632 1524 2706 exiliicertamine,

462 2736 600 2808 domum,
628 2736 710 2798 idest
727 2733 730 2816 Ι
749 2733 945 2813 paradisum,
964 2732 1107 2794 victores
1127 2730 1303 2793 redeuntes
1324 2731 1487 2803 exierunt,
1508 2747 1528 2793 a

462 2841 606 2913 Domino,
628 2841 748 2919 palmas
762 2839 875 2902 eterne
892 2835 895 2917 Ι
909 2835 1055 2910 victorie,
1069 2836 1215 2915 recipere
1229 2837 1438 2910 meruerunt;
1452 2838 1528 2915 quia
1591 2881 1595 2890 .

464 2947 578 3009 militia
591 2945 640 3008 est
655 2945 722 3006 viia
737 2943 878 3006 hominis
892 2959 991 3020 super
1007 2940 1011 3022 Ι
1027 2942 1152 3004 terram
1164 2939 1221 3022 (4).
1234 2943 1280 3004 De
1296 2941 1412 3020 quibus
1425 2942 1529 3004 Domi-

462 3071 525 3116 nus
542 3053 641 3116 dixit:
656 3052 717 3120 Qui
731 3049 850 3112 vicerit
863 3049 910 3112 sic
930 3050 1092 3113 vestietur
1107 3048 1163 3128 (ὅ).
1184 3048 1226 3110 Et
1245 3049 1337 3110 alibi:
1354 3048 1359 3129 Ι
1375 3049 1526 3112 Ambula-

463 3161 543 3224 bunt
563 3160 743 3223 mecumin
764 3158 910 3220 vestibus
930 3157 1012 3224 albis
1032 3157 1109 3236 quia
1128 3155 1218 3235 digni
1238 3157 1315 3219 sunt
1331 3155 1388 3236 (6).
1403 3157 1445 3218 nt
1458 3157 1527 3235 qui-

462 3269 543 3339 dem,
562 3265 602 3326 ad
616 3264 714 3327 huius
734 3265 783 3326 rei
804 3262 900 3326 fidem
920 3262 1139 3335 astruendam,
1160 3261 1269 3340 angeli
1290 3262 1344 3340 qui
1366 3261 1528 3324 venerant
1599 3331 1602 3336 ,

462 3371 653 3435 dominicam
670 3385 768 3433 resur
784 3367 788 3449 Ι
804 3367 982 3432 rectionem
1002 3368 1036 3431 et
1050 3367 1271 3432 ascensionem
1285 3366 1479 3438 nuntiaturi,
1493 3367 1527 3428 in

462 3477 543 3540 albis
564 3477 626 3538 visi
645 3476 723 3538 sunt
742 3473 896 3536 assistere
911 3471 915 3554 Ι
931 3476 1030 3551 atque
1048 3473 1169 3536 sedere.
1185 3474 1221 3534 In
1237 3471 1527 3552 transfiguratione

463 3598 590 3662 quoque
619 3579 757 3651 Domini,
787 3578 982 3640 vestimenta
1012 3578 1081 3640 eius
1112 3578 1198 3641 lacta
1228 3577 1305 3640 sunt
1321 3577 1325 3658 Ι
1342 3578 1434 3641 velut
1458 3578 1525 3639 nix.

463 3689 565 3760 Unde,
586 3685 715 3766 quidam
735 3701 794 3763 per
814 3683 922 3746 omnia
942 3682 1137 3746 venerabilis
1157 3684 1260 3760 poeta,
1281 3683 1412 3746 nomine
1425 3680 1521 3762 Oolut

498 3943 539 4017 (1)
557 3943 686 4014 Eccum,
705 3939 763 4014 IX,
783 3941 812 3996 8.

498 4032 539 4105 (2)
558 4032 667 4102 Aaou„
687 4029 741 4100 IV,
759 4029 787 4084 4.

499 4121 538 4194 (3)
557 4121 666 4190 Arno,
686 4117 757 4190 VII,
777 4119 804 4172 9.

499 4208 539 4283 (4)
558 4207 642 4279 Joa.,
662 4206 733 4278 VII,
755 4209 781 4262 1.

499 4298 540 4372 (5)
559 4297 669 4368 Aaou,
689 4295 747 4366 III,
767 4296 794 4350 5.

498 4387 539 4460 (6)
557 4387 666 4457 Aaou,
685 4385 743 4456 III,
761 4387 789 4439 4.
