3642 5510
485 511 505 574 8
843 513 987 576 Antonii
1005 515 1192 588 Boreonsts

316 724 460 782 nemausa
486 708 620 771 arduam
640 709 742 772 vitam
762 709 853 796 imita
868 707 873 791 Ι
889 713 920 772 ri
939 709 1115 774 studentes.
1137 712 1240 774 Porro
1260 725 1334 774 cum
1354 725 1413 788 per
1426 707 1547 772 iohan-

299 788 460 904 ffl'ffffl
487 813 591 900 [n]em
612 831 772 878 summum
795 815 1131 896 archima[n]dritam,
1148 816 1241 896 inqui
1256 813 1260 898 1
1277 815 1351 879 sitio
1370 813 1547 894 legaretur,

298 932 341 988 ra,
362 943 401 1016 ⁰.⁰'
421 943 460 976 n-
486 937 529 984 ne
558 923 610 986 cui
641 923 756 988 liceret
785 924 958 1004 gregatim,
989 925 1048 987 sub
1078 923 1230 1002 religioso
1250 921 1374 996 habitu,
1395 920 1399 1003 1
1419 923 1547 1002 degere,

300 1007 395 1059 Μ
486 1031 607 1110 absque
626 1033 782 1112 solempni
802 1033 1001 1112 probatoque
1020 1031 1106 1104 voto,
1127 1029 1302 1094 deventum
1323 1030 1372 1094 est
1386 1029 1425 1092 ad
1439 1027 1548 1108 partes

487 1137 529 1200 Se
544 1135 549 1219 Ι
562 1154 690 1214 narum,
703 1139 757 1202 ubi
768 1115 934 1220 cognitum
945 1137 996 1202 est
1005 1139 1159 1219 quosdam
1169 1136 1273 1200 latere
1283 1136 1405 1200 nobiles
1414 1150 1545 1214 genere,

488 1245 538 1308 set
566 1245 628 1308 fide
651 1247 686 1310 et
701 1245 705 1328 Ι
721 1248 935 1311 sanctimonie
961 1247 1145 1320 nobiliores,
1172 1245 1366 1324 pretatu[m]
1396 1242 1548 1308 videlicet

489 1353 724 1432 Bernardu[m]
748 1370 821 1417 cum
845 1355 948 1417 sociis.
976 1356 1061 1422 Quos
1079 1351 1083 1434 Ι
1099 1352 1247 1426 intuitus,
1275 1351 1350 1414 talis
1376 1350 1549 1429 inquisitor

491 1459 666 1522 veneratus
686 1459 746 1531 est,
766 1460 906 1538 benigne
923 1459 1093 1540 [h]ortans
1113 1459 1240 1523 eosdem
1257 1457 1261 1540 1
1277 1473 1395 1536 parere
1415 1456 1548 1519 iussioni
1680 1497 1685 1504 -

488 1558 674 1644 cat[h]01ici
694 1566 860 1645 principis.
881 1567 942 1636 Qui
962 1565 1097 1646 predicti
1118 1567 1228 1644 patres
1249 1564 1441 1644 quantocius
1461 1560 1548 1642 Aret

487 1671 594 1734 tinum
615 1689 724 1738 secum
744 1675 920 1737 consulunt
940 1675 1135 1754 episcopum,
1154 1674 1231 1753 quid
1251 1673 1337 1736 tacto
1350 1687 1429 1750 opus
1443 1670 1494 1734 sit.
1507 1669 1552 1730 At

490 1779 544 1842 ille
558 1781 809 1863 congratulans!
825 1781 910 1845 votis
924 1781 985 1844 ait:
1000 1783 1174 1860 Postquam
1186 1781 1294 1843 seculo
1305 1780 1401 1858 terga
1410 1777 1552 1862 dedistis,

318 1879 356 1909 “¹¹¹
397 1878 463 1909 Μ’
490 1887 581 1948 nulla
607 1887 660 1964 pio
686 1887 845 1951 desiderio
862 1885 866 1967 Ι
882 1887 998 1966 aptior,-
1025 1888 1117 1950 nulla
1144 1885 1296 1960 sanctior,
1323 1885 1552 1965 probatiorque

317 2021 356 2052 um
384 2021 409 2052 m
425 2021 463 2053 00·
489 2009 605 2055 norma
625 1994 779 2057 censetur
793 2011 889 2072 quam
903 1995 1005 2073 patris
1016 1995 1093 2057 almi
1106 1993 1109 2076 Ι
1123 1995 1238 2074 regula
1248 1993 1424 2067 Benedicti,
1434 1993 1553 2055 discre-

303 2091 317 2122 ⁸
335 2093 346 2123 ⁰
364 2080 387 2122 ¹¹1
397 2091 434 2122 ¹²¹·
489 2099 579 2163 tione
606 2102 758 2180 precipua
781 2117 820 2164 cc
841 2101 891 2181 (o)
912 2117 1062 2164 sermone
1082 2099 1257 2164 luculenta.
1278 2102 1320 2164 nt
1340 2117 1412 2164 cum
1429 2099 1434 2181 Ι
1450 2100 1554 2163 vestri

365 2243 394 2275 0.
417 2231 428 2276 ³.
491 2207 640 2270 concives
650 2209 746 2272 titulo
756 2209 901 2288 Virginis
913 2209 1058 2288 insigniti
1070 2209 1263 2288 glorientur,
1274 2209 1314 2270 ob
1323 2205 1553 2288 gloriossima-

491 2312 553 2374 tris
571 2315 813 2378 mundissimam
838 2316 1072 2394 virginitatem,
1092 2314 1276 2378 monachali
1296 2313 1422 2392 placeat
1441 2313 1530 2375 indui
1546 2311 1550 2392 Ι

491 2419 626 2482 candido
640 2420 763 2494 habitu,
778 2423 816 2484 ut
830 2422 975 2500 puritati,
989 2439 1053 2501 qua
1067 2423 1224 2484 secretius
1239 2421 1396 2493 fruimini,
1409 2420 1444 2482 in
1458 2415 1551 2499 exte!

493 2525 574 2588 riori
585 2543 712 2605 quoque
724 2528 820 2606 gestu
830 2528 1022 2591 exhibeatis.
1033 2531 1161 2607 Eosque
1172 2527 1360 2590 solemniter
1370 2526 1506 2588 induens
1515 2541 1555 2587 ac

493 2649 619 2694 sacram
636 2632 641 2714 Ι
657 2634 790 2698 tradens
811 2636 969 2713 regulam,
990 2615 1142 2714 per‘suos
1156 2634 1322 2697 mandavit
1335 2633 1476 2707 nuntios,
1490 2633 1556 2712 pri·

493 2756 581 2802 mum
601 2742 686 2820 apud
706 2743 850 2804 Mentem
871 2743 962 2806 Oliva
975 2741 979 2823 t
992 2743 1018 2804 ti
1038 2743 1169 2805 fundari
1182 2741 1319 2820 lapidem
1333 2741 1468 2828 ecclesie
1481 2757 1571 2826 com,

493 2845 657 2920 struenda,
678 2863 736 2926 per
757 2847 983 2928 publicumque
1003 2849 1167 2911 notarium
1187 2863 1248 2911 con
1264 2847 1269 2927 Ι
1286 2847 1338 2910 tici
1359 2847 1555 2910 instrumen-

493 2949 572 3012 tum.
593 2951 655 3014 Sed
675 2952 758 3015 bone
771 2953 926 3016 memorie
940 2953 1118 3032 prelibatus
1133 2952 1330 3026 Bernardns,
1344 2952 1440 3030 paulo
1453 2950 1457 3032 Ι
1470 2952 1556 3026 ante,

332 3063 372 3107 ϊο
388 3075 466 3108 suae.
493 3055 570 3116 dum
591 3056 624 3117 in
646 3057 783 3136 quodam
802 3058 983 3121 consistens
1003 3061 1129 3121 orasset
1148 3059 1227 3132 loce,
1248 3057 1303 3118 ubi
1323 3073 1412 3120 nunc
1431 3057 1494 3120 sita
1507 3058 1558 3120 est

494 3159 640 3233 ecclesia,
656 3159 660 3238 Ι
676 3162 814 3236 viderat,
835 3167 901 3226 Deo
932 3163 992 3225 sibi
1023 3162 1201 3236 revelante,
1232 3163 1351 3224 scalam
1367 3161 1413 3241 (b)
1440 3177 1558 3240 argen-

494 3265 590 3338 team,
611 3266 796 3329 tendentem
817 3267 857 3329 ad
877 3267 970 3330 orien
985 3266 990 3349 Ι
1006 3267 1082 3340 tem,
1102 3265 1355 3346 tangentemque
1379 3266 1492 3329 celum.
1519 3269 1558 3328 in

495 3372 587 3434 cuius
608 3373 794 3436 summitate
810 3373 856 3454 (o)
877 3375 1025 3437 dominus
1044 3379 1139 3437 lesus
1160 3365 1234 3438 cu'm
1247 3375 1342 3437 beata
1355 3375 1470 3447 Maria,
1488 3375 1558 3436 eius

496 3476 667 3554 genitrice,
681 3478 771 3538 visus
785 3479 835 3540 est
850 3479 947 3552 stare,
961 3479 1095 3542 candida
1108 3480 1238 3557 quidem
1250 3479 1361 3543 vestiti
1382 3479 1535 3542 indumen
1551 3477 1555 3558 Ι

495 3585 545 3646 ta:
566 3583 668 3646 Beata
688 3601 768 3646 vero
788 3585 894 3646 Maria
914 3586 1040 3648 stellam
1060 3587 1144 3650 mire
1164 3586 1416 3665 pulchritudinis
1433 3585 1561 3648 uideba-

495 3689 552 3750 tur
573 3690 705 3766 gestare
722 3687 726 3769 Ι
744 3689 776 3751 in
805 3689 945 3769 pectore.
973 3691 1146 3778 Multitudo
1173 3692 1282 3754 autem
1303 3691 1445 3753 iratrum
1465 3691 1562 3752 erant

497 3795 718 3868 ascendentes,
744 3797 778 3858 et
807 3799 916 3876 angeli
932 3796 937 3878 Ι
953 3799 1199 3862 descendentes:
1231 3815 1341 3862 omnes
1371 3799 1483 3861 tamen
1512 3799 1562 3858 in·

498 3885 569 3960 duti
590 3899 736 3963 vestibus
757 3902 846 3964 albis.
868 3903 911 3964 At
937 3905 992 3966 ille
1019 3903 1082 3967 hec
1107 3905 1231 3978 videns,
1252 3903 1437 3984 'extemplo
1459 3903 1499 3965 ad
1527 3917 1562 3964 se

498 4005 630 4066 vocavit
660 4006 793 4081 tratres,
823 4006 921 4087 atque
951 4010 1093 4073 ostendit
1121 4011 1168 4074 eis
1199 4010 1376 4083 visionem3
1407 4009 1462 4090 qui
1479 4007 1483 4090 Ι
1499 4009 1563 4072 hec

536 4286 577 4360 (o)
597 4285 688 4342 Text.
707 4286 749 4341 B:
770 4287 872 4360 Atque.
892 4318 928 4330 -
946 4291 984 4362 (b)
1003 4289 1092 4347 Text.
1114 4290 1151 4346 B:
1173 4291 1342 4348 attollam-
1356 4291 1391 4363 (c)
1412 4289 1500 4346 Text.
1520 4288 1560 4344 B:

501 4375 686 4432 ectremitate.
