3642 5510
480 513 567 562 xvru
925 499 1100 572 Praefatio

1385 602 1544 614 ...n—-

482 711 632 778 quaeque
655 712 676 756 a
697 689 869 756 monachis
891 690 1018 757 Montis
1034 691 1160 758 Oliveti
1179 690 1305 774 habita,
1328 689 1547 776 hominesque

481 806 518 871 in
541 810 614 872 tota
636 803 904 891 Congregatione
927 805 1056 872 virtute
1077 805 1280 893 ingenioque
1302 805 1475 893 pollentes,
1495 803 1546 869 in·

483 921 650 1008 vestigare
671 920 894 988 conabimur·
1462 935 1465 942 '

527 1035 622 1115 Quod
652 1035 697 1101 ab
725 1035 824 1101 initio
856 1035 1053 1102 Olivetanae
1084 1034 1363 1122 Congregationis
1393 1035 1435 1100 ad
1464 1035 1545 1100 haec

484 1172 589 1236 usque
611 1155 726 1216 nostra
748 1155 909 1237 tempora,
933 1155 1101 1236 praestare
1124 1150 1160 1215 in
1183 1155 1296 1216 mente
1317 1149 1449 1216 residet.

527 1265 597 1330 Nec
619 1265 763 1330 mirum:
788 1287 865 1330 oum
888 1264 1044 1330 Monachi
1067 1264 1174 1331 nostri
1197 1286 1408 1331 communem
1426 1263 1547 1330 habuc·

484 1379 555 1446 rint
578 1401 655 1446 cum
678 1378 833 1466 plurimis
855 1379 930 1446 aliis
946 1385 1079 1464 sortem,
1095 1379 1198 1446 immo
1220 1379 1394 1445 iacturam.
1412 1379 1462 1444 De
1478 1377 1547 1464 qui-

484 1494 548 1561 bus
577 1494 703 1560 referre
733 1499 844 1581 potest
877 1495 967 1580 quod
997 1494 1194 1561 intuebatur
1226 1493 1459 1560 celeberrimus
1491 1493 1547 1558 ille

485 1609 657 1676 Johannes
680 1607 905 1692 Mabillonius,
930 1608 1117 1675 Annalium
1149 1609 1283 1674 Ordinis
1306 1607 1421 1674 Sancti
1446 1609 1548 1674 Bene·

485 1723 567 1790 dicti
581 1723 746 1790 conditor:
770 1753 784 1781 α
800 1723 942 1790 Maiores
960 1723 1067 1790 nostri
1082 1723 1206 1790 vetaris
1220 1723 1281 1806 illi,
1298 1723 1405 1788 facere
1421 1723 1548 1810 optima

486 1860 589 1925 quam
610 1838 752 1904 scribere
774 1838 883 1924 magis
899 1838 1041 1921 solliciti,
1058 1838 1099 1902 ds
1113 1837 1254 1904 historia
1269 1859 1330 1904 sua
1345 1837 1547 1920 adornanda,

486 1952 741 2039 digerendisque
771 1952 963 2018 Annalibus
985 1975 1105 2038 parum
1136 1953 1317 2019 admodum
1342 1952 1547 2038 cogitabant.

486 2067 602 2134 Prima
623 2067 690 2132 illis
713 2089 793 2133 cura
815 2073 887 2132 erat
909 2068 950 2132 de
972 2067 1121 2132 moribus
1143 2066 1336 2150 formandis,
1360 2073 1394 2132 et
1417 2067 1460 2132 ad
1478 2089 1550 2132 san·

486 2188 560 2248 otae
578 2182 730 2268 Regulos
745 2204 898 2249 normam
913 2182 1158 2269 componendis.
1176 2182 1262 2248 Tum
1278 2183 1488 2268 quorundam
1503 2180 1551 2247 vi·

487 2319 601 2362 rorum
619 2297 798 2362 sanctitate
812 2297 995 2363 illustrium
1018 2297 1188 2384 praeclara
1203 2296 1292 2363 facta
1307 2297 1344 2362 in
1360 2297 1549 2384 exemplum

488 2412 562 2478 aliis
584 2435 769 2499 proponere
791 2412 903 2480 visum
925 2418 976 2478 est
999 2434 1118 2499 operae
1140 2412 1296 2498 pretium,
1320 2417 1355 2478 et
1369 2413 1407 2478 in
1421 2412 1550 2478 litteras

488 2526 642 2592 referre»
664 2532 675 2610 (
699 2531 719 2609 ),
1366 2609 1371 2614 ·

533 2641 625 2719 Quae
648 2663 668 2707 a
690 2647 805 2708 nostro
828 2641 954 2728 pariter
976 2641 1186 2708 Lanoellctto
1209 2629 1472 2729 exponebantur.
1490 2640 1552 2706 Ait

489 2757 599 2822 enim:
630 2756 782 2822 «Sacrae
812 2755 976 2822 adeantur
1006 2755 1162 2840 familiae,
1194 2779 1279 2842 quae
1310 2761 1460 2822 nostram
1483 2777 1552 2822 non

489 2871 571 2938 satis
594 2873 793 2937 antecedant
815 2871 1047 2958 amplitudine,
1070 2876 1104 2936 et
1126 2893 1186 2958 pro
1209 2877 1378 2956 comperto
1400 2870 1474 2954 erit,
1498 2871 1553 2936 vel

490 2986 623 3052 nullum
645 3009 757 3052 rerum
781 3009 917 3052 suarum
945 2987 1140 3073 scriptorem
1166 2986 1328 3069 iactitare,
1353 2986 1417 3070 vel,
1441 2985 1470 3051 si
1491 2985 1553 3050 iao·

489 3101 602 3183 titent,
626 3102 843 3167 recentiorem
866 3124 944 3167 esse.
969 3101 1151 3167 Penuriam
1173 3100 1252 3166 fecit
1275 3101 1381 3166 nimia
1399 3100 1554 3186 simplici·

491 3221 552 3299 tas,
585 3216 640 3281 vel
670 3216 832 3282 modestia
867 3216 916 3300 (in
946 3215 1114 3302 aliquibus
1148 3215 1289 3282 fortasse
1321 3214 1552 3302 negligentia),

491 3329 632 3395 minima
662 3330 861 3417 scriptionis,
893 3335 927 3394 et
957 3330 1184 3417 impressionis
1216 3329 1368 3414 facultas,
1392 3335 1554 3417 perpetua

491 3446 626 3509 demum
642 3443 832 3528 caritatum,
849 3445 1004 3531 pestium,
1017 3451 1051 3510 et
1061 3445 1226 3511 bellorum
1236 3445 1455 3528 incommoda,
1469 3466 1555 3531 quae

492 3558 690 3625 mortalibus
701 3560 831 3625 nullam
841 3560 1072 3646 permittentia
1083 3559 1366 3646 tranquillitatem
1377 3581 1446 3624 non
1458 3559 1555 3625 modo

493 3673 708 3756 obstiterunt,
733 3675 790 3739 sed
812 3675 915 3740 etiam
937 3675 1103 3762 plerisque
1126 3674 1317 3741 clarissimis
1349 3673 1554 3757 civitatibus,

494 3794 529 3854 et
555 3789 814 3876 Rebuspublicis
839 3789 1018 3856 infeliciter
1040 3796 1153 3856 actum
1175 3796 1268 3855 est...
1295 3789 1362 3856 Cur
1381 3789 1488 3877 igitur
1503 3789 1557 3854 ad·

494 3903 664 3987 miremur,
688 3926 757 3970 non
779 3911 839 3989 est,
859 3906 947 3991 quod
965 3911 1037 3971 tam
1051 3927 1159 3993 pauca
1181 3925 1284 3991 eaque
1298 3905 1445 3971 illustria
1457 3903 1558 3970 maio

492 4007 569 4083 rum
591 4025 783 4086 nostrorum
814 4026 1033 4086 monumenta
1057 4019 1277 4102 obtineamus,
1304 4043 1380 4086 oum
1411 4019 1558 4085 modeste

506 4198 706 4206 ..φ-...ὴ

530 4303 566 4372 (1)
584 4299 617 4356 J.
643 4299 825 4372 Mssmuou,
852 4299 979 4356 Annona
1010 4301 1079 4358 Ord.
1108 4304 1141 4358 S.
1166 4307 1199 4359 Β.
1229 4302 1351 4378 [Lucas
1379 4257 1579 4374 Venturiui,0

495 4387 766 4466 MDOOXXXIX],
787 4393 861 4448 torn.
881 4389 907 4461 1,
928 4407 957 4468 p.
979 4405 1053 4470 xxx,
1074 4391 1106 4447 in
1126 4390 1256 4464 praefat.
