3642 5510
504 579 568 630 ιιι
951 563 1126 637 Praefatio

503 760 792 830 circumlucentem
814 758 918 828 fuisse
940 759 1083 828 tradunt
1098 759 1271 828 nobilium
1293 759 1505 847 quorundam
1523 759 1573 828 vi·

503 899 619 944 rorum
647 877 738 966 cpud
760 875 923 944 Senenses
951 879 1206 965 prognatorum,
1230 875 1290 963 qui
1319 875 1391 942 Deo
1420 875 1514 964 pleni
1535 881 1570 942 et

503 993 675 1081 religionis
697 991 850 1060 novellae
872 990 1001 1058 fuerint
1021 991 1225 1076 inventores,
1249 995 1284 1058 et
1298 991 1440 1059 coenobii
1454 989 1572 1058 funda·

504 1117 601 1194 teres,
630 1109 686 1176 cui
715 1107 937 1197 possessiones
955 1127 1043 1175 suas
1073 1107 1295 1176 donaverunt.
1326 1107 1459 1174 Nomen
1488 1105 1571 1174 viris

503 1225 675 1292 Bernardo
697 1224 900 1308 Ptolomaeo,
917 1223 1098 1292 Ambrosio
1120 1223 1354 1307 Picolomineo,
1374 1229 1410 1289 et
1428 1221 1571 1290 Patricio

502 1363 545 1407 ex
566 1345 669 1427 gente
698 1339 844 1406 Patritia
873 1339 949 1424 fuit,
981 1361 1125 1426 quorum
1156 1359 1230 1406 ossa
1261 1337 1416 1425 religiose
1444 1338 1568 1404 colunt.

494 1426 614 1524 'Parva
636 1455 680 1522 ab
701 1454 801 1521 initio
816 1453 980 1539 fundatio,
1004 1453 1182 1522 devotione
1203 1453 1380 1522 hominum
1403 1457 1511 1537 sucta,
1527 1451 1571 1519 fe-

502 1571 581 1638 lices
604 1592 772 1638 successus
793 1569 925 1654 habuit,
941 1575 975 1636 et
990 1569 1027 1636 in
1043 1591 1177 1636 omnem
1199 1568 1483 1636 christianitatem
1497 1589 1570 1656 pro·

502 1691 629 1775 pagata
650 1691 710 1754 est.
735 1685 790 1754 Ex
812 1685 942 1752 familia
964 1685 1190 1754 Picolomines
1204 1685 1314 1752 multe
1328 1683 1408 1752 huic
1422 1683 1569 1752 coenobio

502 1807 711 1870 accesserunt
741 1801 958 1886 incrementa,
988 1801 1084 1868 cuius
1111 1800 1333 1889 possessiones
1362 1800 1400 1866 in
1428 1799 1570 1867 circmtu

501 1917 614 1984 fuere:
639 1918 761 1984 Avens
784 1923 819 1982 et
841 1917 1015 2000 Chiatina;
1040 1939 1127 2004 quae
1150 1915 1230 1984 clim
1253 1939 1322 1983 non
1342 1922 1569 2004 contempsere

501 2034 582 2120 loca,
599 2055 691 2100 nunc
706 2033 774 2099 fere
789 2033 920 2099 deserta
942 2039 1033 2118 sunt,
1050 2033 1093 2098 od
1111 2031 1352 2100 Picolomineos
1367 2032 1566 2122 pertinuere,

502 2154 537 2214 et
558 2149 672 2236 plures
693 2170 736 2214 ex
757 2171 797 2214 ea
819 2147 948 2214 familia
970 2147 1007 2214 in
1029 2148 1146 2214 Monte
1169 2147 1312 2232 Olivet0,
1335 2153 1413 2236 post
1428 2147 1567 2230 obitum,

500 2263 629 2330 conditi
651 2267 741 2330 sunt.
764 2263 900 2350 Religio
922 2263 1037 2330 eedem
1060 2263 1128 2330 fere
1143 2269 1203 2349 est,
1220 2285 1306 2352 quae
1328 2262 1568 2331 Monochorum

501 2378 615 2445 Sancti
639 2379 812 2444 Benedicti
828 2401 923 2445 suam
938 2379 1091 2467 regulam
1110 2379 1380 2447 observantium:
1397 2379 1435 2445 in
1449 2379 1576 2448 habitu

501 2494 680 2562 discrimen
702 2493 876 2562 invenias:
901 2494 952 2560 illi
966 2495 1060 2562 fusca
1074 2503 1169 2563 veste
1190 2501 1356 2562 utuntur:
1380 2495 1406 2560 ii
1427 2494 1569 2562 candida

501 2633 539 2677 ac
554 2610 790 2676 mundissima:
807 2633 889 2677 usus
903 2610 1057 2678 carnium
1068 2611 1204 2698 utrique
1218 2611 1346 2699 pariter
1358 2611 1567 2679 interdictus.

501 2727 544 2792 In
566 2725 766 2793 coerimoniis
784 2726 943 2814 pleraque
958 2726 1113 2794 invenias
1135 2727 1288 2794 diversa:
1312 2727 1350 2794 in
1368 2726 1567 2811 subtantia,

500 2865 569 2908 una
591 2841 660 2908 fere
681 2847 733 2908 est
748 2841 887 2909 vivendi
909 2864 1048 2909 norme:
1073 2849 1108 2908 et
1130 2842 1156 2908 ii
1178 2843 1314 2936 quidem
1329 2865 1436 2931 usque
1453 2843 1491 2910 in
1505 2844 1568 2911 hoc

500 2963 634 3045 tempus
657 2957 729 3024 sine
751 2957 893 3024 infamia
915 2957 1024 3026 vitum
1039 2964 1158 3046 agunt.
1177 2959 1275 3026 Mons
1291 2959 1363 3048 ipse
1379 2959 1568 3026 domesticis

501 3072 676 3139 arboribus
698 3073 857 3158 consitus,
889 3073 1053 3161 plurimas
1075 3074 1177 3142 habet
1200 3075 1307 3159 oleas;
1339 3075 1430 3142 unde
1452 3073 1568 3143 oliveti

499 3211 623 3255 nomen
645 3194 767 3255 ortum.
785 3189 873 3256 Sunt
896 3189 979 3256 ficus
1001 3196 1036 3256 et
1058 3190 1268 3278 amygdalae,
1284 3196 1319 3257 et
1335 3190 1486 3280 pirorum
1501 3214 1568 3258 ma-

499 3305 675 3392 lorumque
696 3305 806 3370 multa
828 3327 972 3392 genera:
996 3306 1121 3372 adsunt
1141 3307 1290 3396 cupressi
1311 3308 1514 3392 nemuscula,
1530 3307 1567 3374 in

499 3420 622 3506 quibus
645 3425 772 3486 aestate
793 3443 913 3488 suaves
928 3426 1064 3509 captare
1078 3422 1216 3490 umbras
1238 3423 1326 3490 licet.
1349 3424 1475 3491 Vincta
1490 3445 1568 3511 quo·

499 3557 565 3622 que
586 3540 622 3601 et
643 3535 840 3602 umbracula
862 3536 1042 3625 pampinea
1057 3541 1092 3604 et
1106 3538 1235 3606 olerum
1256 3539 1357 3625 horti,
1373 3545 1409 3606 et
1422 3541 1565 3624 lavacra,

499 3656 534 3716 et
556 3649 632 3718 fons
653 3651 810 3738 perennis
833 3657 868 3718 et
889 3652 1061 3738 cisternae,
1079 3676 1117 3722 ac
1131 3655 1244 3744 putei:
1269 3662 1303 3722 et
1325 3656 1363 3723 in
1381 3656 1464 3744 ipsis
1478 3655 1580 3743 rupi·
1647 3723 1653 3736 ,

498 3767 563 3832 bus
596 3766 775 3853 quercinae
808 3767 922 3854 silvae,
939 3775 973 3836 et
996 3771 1096 3837 arbor
1116 3770 1273 3859 iuniperi.
1292 3771 1567 3840 Deambulatoria

499 3881 619 3966 multa,
643 3904 729 3970 quae
743 3883 827 3950 duos
842 3884 979 3973 capiant
993 3885 1155 3972 homines,
1179 3887 1297 3956 collem
1320 3887 1486 3974 ambiunt,
1502 3910 1567 3953 me

499 3997 660 4084 diumque
682 3997 896 4084 intersecant,
919 4000 999 4067 hino
1021 4007 1123 4089 etque
1145 4003 1224 4069 inde
1246 4003 1375 4071 vitibus
1400 4009 1462 4070 aut
1484 4026 1567 4071 rose·

498 4112 553 4196 tis,
576 4135 635 4179 seu
657 4134 731 4180 rore
753 4114 863 4181 obsita
890 4117 1031 4184 marino.
1055 4119 1210 4185 Jocunda
1232 4119 1404 4186 monachis
1436 4119 1565 4203 solatis,

499 4227 699 4294 iucundiore
720 4227 783 4313 his,
816 4229 939 4317 quibus
961 4238 1141 4320 postquam
1163 4234 1333 4320 viderunt,
1357 4233 1449 4302 abire
1479 4235 1564 4301 licet.

498 4343 655 4410 Monachi
678 4344 912 4414 advenientem
935 4347 1035 4414 Pium
1050 4349 1185 4436 ingenti
1205 4350 1330 4438 gaudio
1352 4355 1564 4438 exceperunt,

498 4463 600 4545 atque
634 4459 791 4528 omnibus
825 4462 932 4530 modis
961 4465 1113 4551 aggressi
1142 4471 1223 4533 sunt
1252 4467 1426 4538 honorare.
1462 4466 1566 4555 Apud
