3646 5520
706 580 887 656 Appenni»
1290 586 1328 648 81

265 784 349 848 pape,
361 767 367 851 Ι
379 770 497 834 domun
510 770 661 834 iohanne
674 773 826 848 Petrutii,
840 775 997 838 canonico
1006 778 1194 842 sanctorum
1206 779 1331 843 stefani

263 877 295 939 et
319 876 472 938 Bonifatii
498 877 538 940 de
558 878 705 941 viterbio
724 881 760 942 ot
779 881 809 941 d.
830 881 981 946 iohanne
999 883 1040 946 de
1061 884 1189 958 Batuto,
1210 886 1330 948 clerico

263 983 449 1056 liutenensi,
480 984 515 1046 in
543 984 669 1063 legibus
696 985 914 1060 bacchalario,
940 988 1078 1052 testibus
1105 991 1144 1051 ad
1173 992 1330 1068 premissa

262 1089 381 1150 vocetis
401 1086 607 1169 'specialiter
627 1092 661 1153 et
681 1091 814 1171 rogetis.
862 1151 863 1154 ,

297 1196 389 1256 Anno
416 1195 601 1260 nativitatis
627 1197 748 1260 domini
776 1199 880 1260 nostri
909 1203 987 1262 lesu
1013 1199 1135 1263 (ibristi
1156 1201 1326 1266 millesimo

260 1300 576 1379 quadringentesimo
594 1303 773 1379 trigesimo,
788 1303 963 1368 indictione
975 1305 1102 1378 octava
1117 1308 1237 1368 mensis
1250 1309 1327 1370 maii

259 1405 307 1468 die
317 1406 587 1486 decimoseptimo,
600 1405 605 1488 Ι
618 1408 826 1486 pontificatus
837 1387 1033 1474 mnotissimi
1043 1411 1216 1476 inObristo
1223 1413 1326 1491 patris

258 1513 290 1574 et
315 1511 424 1574 domni
452 1514 555 1576 nostri
583 1515 692 1578 domni
720 1515 855 1576 Martini
881 1515 995 1580 divina
1021 1518 1226 1596 providentia
1246 1535 1326 1598 pope

258 1617 369 1695 quinti,
390 1633 477 1682 anno
497 1617 729 1688 tertiodecimo.

295 1727 328 1790 ffl
349 1725 466 1804 retego
482 1725 661 1804 Gregorius
674 1725 835 1804 quondm
850 1728 958 1790 iacobi
972 1743 1028 1791 ser
1041 1729 1131 1791 blerii
1145 1729 1323 1808 Spolialini,

158 1847 169 1866 ·
255 1829 392 1894 clericus
411 1831 545 1909 pisanus
564 1831 712 1909 publicus
729 1832 890 1910 imperiali
903 1833 1100 1897 auctoritate
1119 1834 1218 1897 iudex
1236 1835 1324 1897 ordi,

257 1935 377 2008 uarius,
405 1937 503 2016 atque
528 1937 678 2002 notarius
698 1938 732 2000 et
752 1939 954 2002 secrobrius
974 1939 1249 2007 Ravemmissimi
1265 1939 1271 2020 l
1286 1941 1322 2002 in

254 2039 382 2104 Ohristo
403 2042 507 2120 patris
527 2043 564 2105 et
580 2043 688 2106 domni
708 2044 853 2117 Antonii,
873 2045 1085 2111 miseratione
1103 2045 1213 2108 divino
1232 2046 1321 2108 tituli

253 2146 355 2210 sancti
372 2147 518 2211 Marcelli
533 2149 646 2211 sancte
659 2153 805 2212 Romane
816 2150 941 2212 Eclesie
951 2151 1122 2228 presbiteri
1135 2151 1320 2223 cardinalis,

250 2253 461 2315 commissarii
474 2254 602 2331 prefati,
617 2256 781 2332 premissis
796 2250 944 2318 omnibus
960 2254 994 2318 et
1007 2256 1144 2334 singulis
1161 2254 1166 2336 1
1182 2257 1256 2318 dum
1271 2257 1319 2318 sic

252 2356 289 2419 ut
307 2360 519 2436 premittitur,
543 2363 723 2437 agerentur
749 2360 782 2423 et
802 2359 930 2433 tierent,
951 2377 1017 2423 una
1037 2377 1109 2422 cum
1138 2361 1319 2424 venerabili

251 2463 323 2526 viro
343 2465 460 2526 domno
480 2463 683 2527 cbristoioro
709 2465 748 2527 de
774 2467 948 2545 Roggeriis
968 2467 1008 2529 de
1027 2468 1140 2538 Roma,
1161 2482 1317 2529 reveren·

250 2569 371 2630 dissimi
392 2569 427 2630 in
447 2569 577 2632 christo
596 2570 700 2648 patris
719 2569 753 2632 et
772 2571 881 2632 domni
906 2570 1013 2633 domni
1038 2571 1162 2633 Nicolai
1183 2571 1317 2633 misera-

249 2673 336 2736 tione
352 2672 357 2754 Ι
374 2675 495 2747 divine,
514 2675 603 2738 tituli
624 2662 736 2738 sancte
755 2676 878 2748 crucis,
899 2679 1011 2738 sancte
1030 2678 1176 2738 Romane
1190 2676 1316 2738 Eclesie

249 2779 421 2856 presbiteri
431 2780 615 2853 cardinalis,
626 2780 837 2843 commissarii
851 2780 998 2853 antefati,
1010 2781 1188 2844 secretorio
1198 2796 1317 2859 aepre-

249 2885 422 2948 nominatis
435 2885 583 2958 testibus,
600 2885 745 2958 interfui,
761 2902 864 2964 eaque
878 2886 926 2948 sic
940 2885 1023 2960 fleri,
1037 2885 1104 2947 vidi
1117 2886 1152 2948 et
1167 2884 1172 2966 Ι
1189 2885 1312 2948 audivi:

248 2989 317 3052 ideo
337 2989 401 3054 hoc
420 3007 555 3069 presens
576 2991 739 3069 publicum
760 2991 1016 3054 instrumentum
1036 2991 1158 3054 exinde
1177 2991 1314 3064 confeci,

247 3093 282 3158 et
300 3111 360 3174 per
379 3096 499 3160 dictum
520 3096 672 3160 domnum
687 3096 926 3160 christoforum
941 3095 1081 3159 fideliter
1093 3087 1259 3174 scriptum,
1273 3096 1313 3159 de

246 3201 397 3264 mandato
414 3201 761 3264 reverendissimorum
775 3202 809 3264 in
823 3201 954 3264 Christo
968 3200 1098 3280 patrum
1112 3201 1146 3264 et
1162 3198 1167 3281 1
1183 3201 1312 3264 domno·

245 3321 320 3368 rum
346 3307 561 3370 cardinalium
587 3307 882 3370 commissariorum
903 3306 1105 3386 prefatorum
1126 3306 1311 3384 subscripsi,

244 3412 414 3489 publicavi,
435 3413 469 3476 et
488 3412 523 3474 in
543 3412 630 3476 banc
643 3413 805 3491 publicam
819 3413 957 3475 formam
971 3412 1093 3490 redegi,
1106 3412 1263 3490 signoque
1277 3412 1311 3474 et

243 3517 382 3591 nomine,
396 3518 476 3580 meis
496 3517 599 3580 solitis
619 3517 653 3580 et
672 3517 835 3582 consuetis
851 3533 925 3586 cum
936 3515 1308 3596 reverendissimorum!

243 3622 433 3686 domnorum
454 3621 669 3689 cardinalium
690 3621 986 3690 commissariorum
1009 3621 1308 3702 prenominatorum

242 3727 422 3807 sigillorum
433 3729 628 3808 appensione
639 3728 777 3810 signavi,
788 3727 923 3808 rogatus
934 3727 968 3798 et
977 3726 1155 3806 requisitus
1165 3727 1200 3788 in
1211 3727 1307 3789 fidem

242 3833 277 3896 et
295 3833 514 3896 testimonium
535 3833 679 3918 omnium
700 3834 956 3914 sterculinum
977 3833 1218 3911 premissorum.

283 3943 314 4007 lb
335 3941 377 4001 ut
396 3955 458 4018 oco
477 3939 699 4004 Obristoforus
719 3939 880 4018 quondam
905 3938 1015 4002 iacobi
1034 3938 1074 4000 de
1093 3937 1244 4016 Rogeriis
1267 3937 1306 3998 de

243 4047 344 4108 Roma
364 4045 511 4123 publicus
530 4045 706 4122 apostolica
723 4047 757 4107 et
777 4043 937 4123 imperiali
954 4043 1202 4106 auctoritatibus
1215 4044 1306 4104 nota·

240 4149 318 4223 rins,
338 4167 378 4213 ac
390 4149 777 4220 reverendissimorum
791 4148 967 4212 cardinalis
987 4149 1100 4212 sancte
1121 4147 1233 4211 Orucis
1246 4147 1280 4210 et
1298 4145 1303 4226 Ι

239 4255 451 4318 commissarii
470 4254 590 4334 prefati
607 4255 822 4330 amelarius,
842 4253 997 4334 predictis
1016 4253 1164 4317 omnibus
1184 4251 1219 4316 et
1238 4251 1305 4314 sin·

239 4359 324 4436 gulis
343 4359 419 4424 dum
439 4359 488 4422 sic
507 4359 545 4422 ut
565 4358 767 4437 premittitur
780 4358 961 4438 egerentur
979 4357 1012 4422 et
1026 4355 1155 4430 flerent,
1168 4369 1303 4434 presens
