<?xml version="1.0" encoding="UTF-8"?>
<!DOCTYPE html PUBLIC "-//W3C//DTD XHTML 1.0 Transitional//EN"
    "http://www.w3.org/TR/xhtml1/DTD/xhtml1-transitional.dtd">
<html xmlns="http://www.w3.org/1999/xhtml" xml:lang="en" lang="en">
 <head>
  <title>
</title>
<meta http-equiv="Content-Type" content="text/html;charset=utf-8" />
  <meta name='ocr-system' content='tesseract 3.04.00' />
  <meta name='ocr-capabilities' content='ocr_page ocr_carea ocr_par ocr_line ocrx_word'/>
</head>
<body>
  <div class='ocr_page' id='page_1' title='image "./chroniconmontis00lugagoog_0325.png"; bbox 0 0 3594 5576; ppageno 0'>
   <div class='ocr_carea' id='block_1_1' title="bbox 456 499 1140 562">
    <p class='ocr_par' dir='ltr' id='par_1_1' title="bbox 456 499 1140 562">
     <span class='ocr_line' id='line_1_1' title="bbox 456 499 1140 562; baseline 0.003 -4"><span class='ocrx_word' id='word_1_1' title='bbox 456 499 519 558; x_wconf 86' lang='grc'>156</span> <span class='ocrx_word' id='word_1_2' title='bbox 935 513 965 562; x_wconf 80' lang='lat' dir='ltr'>r.</span> <span class='ocrx_word' id='word_1_3' title='bbox 990 513 1140 562; x_wconf 67' lang='lat' dir='ltr'>otrosrro</span> 
     </span>
    </p>
   </div>
   <div class='ocr_carea' id='block_1_2' title="bbox 450 731 1626 1768">
    <p class='ocr_par' dir='ltr' id='par_1_2' title="bbox 451 731 1626 1022">
     <span class='ocr_line' id='line_1_2' title="bbox 451 731 1626 814; baseline -0.003 -20"><span class='ocrx_word' id='word_1_4' title='bbox 451 733 640 796; x_wconf 79' lang='lat' dir='ltr'>desiderato</span> <span class='ocrx_word' id='word_1_5' title='bbox 676 733 795 794; x_wconf 89' lang='lat' dir='ltr'>unione</span> <span class='ocrx_word' id='word_1_6' title='bbox 819 731 867 814; x_wconf 82' lang='lat'><strong>(¹).</strong></span> <span class='ocrx_word' id='word_1_7' title='bbox 893 733 1022 810; x_wconf 72' lang='lat' dir='ltr'>Quaeri,</span> <span class='ocrx_word' id='word_1_8' title='bbox 1060 734 1083 794; x_wconf 93' lang='lat' dir='ltr'>il</span> <span class='ocrx_word' id='word_1_9' title='bbox 1119 737 1161 794; x_wconf 79' lang='lat'>29</span> <span class='ocrx_word' id='word_1_10' title='bbox 1198 733 1323 810; x_wconf 76' lang='lat' dir='ltr'>giugno</span> <span class='ocrx_word' id='word_1_11' title='bbox 1358 732 1411 793; x_wconf 90' lang='lat' dir='ltr'>del</span> <span class='ocrx_word' id='word_1_12' title='bbox 1445 732 1626 792; x_wconf 80' lang='lat' dir='ltr'>merissime</span> 
     </span>
     <span class='ocr_line' id='line_1_3' title="bbox 452 839 1626 916; baseline -0.002 -16"><span class='ocrx_word' id='word_1_13' title='bbox 452 855 548 916; x_wconf 87' lang='lat' dir='ltr'>anno,</span> <span class='ocrx_word' id='word_1_14' title='bbox 573 839 762 901; x_wconf 84' lang='lat' dir='ltr'>introdusse</span> <span class='ocrx_word' id='word_1_15' title='bbox 785 839 796 900; x_wconf 92' lang='lat' dir='ltr'>i</span> <span class='ocrx_word' id='word_1_16' title='bbox 821 840 947 900; x_wconf 86' lang='lat' dir='ltr'>monaci</span> <span class='ocrx_word' id='word_1_17' title='bbox 971 840 1005 901; x_wconf 85' lang='lat' dir='ltr'>di</span> <span class='ocrx_word' id='word_1_18' title='bbox 1029 839 1252 902; x_wconf 81' lang='lat' dir='ltr'>Moutoliroto</span> <span class='ocrx_word' id='word_1_19' title='bbox 1275 839 1309 900; x_wconf 92' lang='lat' dir='ltr'>iu</span> <span class='ocrx_word' id='word_1_20' title='bbox 1333 839 1401 902; x_wconf 79' lang='lat' dir='ltr'>San</span> <span class='ocrx_word' id='word_1_21' title='bbox 1423 839 1563 900; x_wconf 83' lang='lat' dir='ltr'>Miclrola</span> <span class='ocrx_word' id='word_1_22' title='bbox 1590 839 1626 898; x_wconf 92' lang='lat' dir='ltr'>in</span> 
     </span>
     <span class='ocr_line' id='line_1_4' title="bbox 451 939 1521 1022; baseline -0.001 -16"><span class='ocrx_word' id='word_1_23' title='bbox 451 945 557 1006; x_wconf 90' lang='lat' dir='ltr'>Bosoo</span> <span class='ocrx_word' id='word_1_24' title='bbox 580 963 598 1006; x_wconf 90' lang='lat' dir='ltr'>o</span> <span class='ocrx_word' id='word_1_25' title='bbox 621 945 758 1006; x_wconf 85' lang='lat' dir='ltr'>costitui</span> <span class='ocrx_word' id='word_1_26' title='bbox 782 945 852 1008; x_wconf 88' lang='lat' dir='ltr'>loro</span> <span class='ocrx_word' id='word_1_27' title='bbox 875 946 985 1022; x_wconf 91' lang='lat' dir='ltr'>priore</span> <span class='ocrx_word' id='word_1_28' title='bbox 1008 945 1093 1007; x_wconf 85' lang='lat' dir='ltr'>irate</span> <span class='ocrx_word' id='word_1_29' title='bbox 1117 946 1258 1008; x_wconf 81' lang='lat' dir='ltr'>Miclrele</span> <span class='ocrx_word' id='word_1_30' title='bbox 1281 945 1323 1008; x_wconf 83' lang='lat' dir='ltr'>da</span> <span class='ocrx_word' id='word_1_31' title='bbox 1347 947 1450 1006; x_wconf 83' lang='lat' dir='ltr'>Proto</span> <span class='ocrx_word' id='word_1_32' title='bbox 1473 939 1521 1022; x_wconf 79' lang='lat'><strong>(¹).</strong></span> 
     </span>
    </p>

    <p class='ocr_par' dir='ltr' id='par_1_3' title="bbox 450 1052 1626 1768">
     <span class='ocr_line' id='line_1_5' title="bbox 517 1052 1624 1129; baseline -0.003 -15"><span class='ocrx_word' id='word_1_33' title='bbox 517 1053 634 1114; x_wconf 83' lang='lat' dir='ltr'>Anclro</span> <span class='ocrx_word' id='word_1_34' title='bbox 657 1053 802 1128; x_wconf 84' lang='lat' dir='ltr'>Porugia</span> <span class='ocrx_word' id='word_1_35' title='bbox 824 1053 907 1114; x_wconf 72' lang='lat' dir='ltr'>olibe</span> <span class='ocrx_word' id='word_1_36' title='bbox 931 1054 964 1116; x_wconf 93' lang='lat' dir='ltr'>in</span> <span class='ocrx_word' id='word_1_37' title='bbox 988 1053 1064 1129; x_wconf 87' lang='lat' dir='ltr'>quel</span> <span class='ocrx_word' id='word_1_38' title='bbox 1089 1053 1219 1128; x_wconf 71' lang='lat' dir='ltr'>girorii</span> <span class='ocrx_word' id='word_1_39' title='bbox 1245 1059 1355 1128; x_wconf 87' lang='lat' dir='ltr'>tempo</span> <span class='ocrx_word' id='word_1_40' title='bbox 1390 1053 1401 1112; x_wconf 94' lang='lat' dir='ltr'>i</span> <span class='ocrx_word' id='word_1_41' title='bbox 1434 1053 1562 1112; x_wconf 84' lang='lat' dir='ltr'>monaci</span> <span class='ocrx_word' id='word_1_42' title='bbox 1588 1052 1624 1112; x_wconf 85' lang='lat' dir='ltr'>di</span> 
     </span>
     <span class='ocr_line' id='line_1_6' title="bbox 450 1158 1625 1238; baseline -0.002 -18"><span class='ocrx_word' id='word_1_43' title='bbox 450 1158 680 1220; x_wconf 79' lang='lat' dir='ltr'>Montolireto.</span> <span class='ocrx_word' id='word_1_44' title='bbox 707 1159 735 1218; x_wconf 95' lang='lat' dir='ltr'>Il</span> <span class='ocrx_word' id='word_1_45' title='bbox 760 1160 856 1222; x_wconf 77' lang='lat' dir='ltr'>earn.</span> <span class='ocrx_word' id='word_1_46' title='bbox 883 1161 1018 1222; x_wconf 79' lang='lat' dir='ltr'>Niocolo</span> <span class='ocrx_word' id='word_1_47' title='bbox 1041 1161 1192 1236; x_wconf 81' lang='lat' dir='ltr'>Uapoeci‚</span> <span class='ocrx_word' id='word_1_48' title='bbox 1210 1161 1262 1220; x_wconf 91' lang='lat' dir='ltr'>nel</span> <span class='ocrx_word' id='word_1_49' title='bbox 1283 1162 1378 1238; x_wconf 85' lang='grc'><strong>1366,</strong></span> <span class='ocrx_word' id='word_1_50' title='bbox 1403 1161 1538 1235; x_wconf 80' lang='lat' dir='ltr'>compro</span> <span class='ocrx_word' id='word_1_51' title='bbox 1556 1177 1625 1219; x_wconf 84' lang='lat' dir='ltr'>uua</span> 
     </span>
     <span class='ocr_line' id='line_1_7' title="bbox 450 1266 1626 1344; baseline 0 -16"><span class='ocrx_word' id='word_1_52' title='bbox 450 1266 574 1342; x_wconf 82' lang='lat' dir='ltr'>grande</span> <span class='ocrx_word' id='word_1_53' title='bbox 591 1267 797 1342; x_wconf 77' lang='lat' dir='ltr'>possessione</span> <span class='ocrx_word' id='word_1_54' title='bbox 813 1267 863 1328; x_wconf 90' lang='lat' dir='ltr'>sul</span> <span class='ocrx_word' id='word_1_55' title='bbox 882 1268 965 1330; x_wconf 91' lang='lat' dir='ltr'>colle</span> <span class='ocrx_word' id='word_1_56' title='bbox 981 1268 1147 1330; x_wconf 84' lang='lat' dir='ltr'>olriomato</span> <span class='ocrx_word' id='word_1_57' title='bbox 1166 1268 1438 1344; x_wconf 86' lang='lat' dir='ltr'>Montomorciuo‚</span> <span class='ocrx_word' id='word_1_58' title='bbox 1455 1269 1515 1328; x_wconf 86' lang='lat' dir='ltr'>cire</span> <span class='ocrx_word' id='word_1_59' title='bbox 1534 1269 1626 1328; x_wconf 84' lang='lat' dir='ltr'>voile</span> 
     </span>
     <span class='ocr_line' id='line_1_8' title="bbox 450 1373 1624 1452; baseline 0.001 -20"><span class='ocrx_word' id='word_1_60' title='bbox 450 1373 584 1434; x_wconf 74' lang='lat' dir='ltr'>offidaro</span> <span class='ocrx_word' id='word_1_61' title='bbox 607 1389 627 1432; x_wconf 85' lang='lat' dir='ltr'>a</span> <span class='ocrx_word' id='word_1_62' title='bbox 649 1373 713 1434; x_wconf 88' lang='lat' dir='ltr'>doe</span> <span class='ocrx_word' id='word_1_63' title='bbox 738 1374 865 1434; x_wconf 89' lang='lat' dir='ltr'>ruonaoi</span> <span class='ocrx_word' id='word_1_64' title='bbox 889 1374 1034 1451; x_wconf 80' lang='lat' dir='ltr'>delegati</span> <span class='ocrx_word' id='word_1_65' title='bbox 1059 1375 1111 1436; x_wconf 85' lang='lat' dir='ltr'>dal</span> <span class='ocrx_word' id='word_1_66' title='bbox 1139 1375 1284 1450; x_wconf 86' lang='lat' dir='ltr'>capitolo</span> <span class='ocrx_word' id='word_1_67' title='bbox 1320 1375 1353 1436; x_wconf 94' lang='lat' dir='ltr'>di</span> <span class='ocrx_word' id='word_1_68' title='bbox 1387 1375 1624 1452; x_wconf 82' lang='lat' dir='ltr'>Montolireto,</span> 
     </span>
     <span class='ocr_line' id='line_1_9' title="bbox 452 1479 1625 1560; baseline 0.002 -22"><span class='ocrx_word' id='word_1_69' title='bbox 452 1479 569 1554; x_wconf 76' lang='lat' dir='ltr'>perolio</span> <span class='ocrx_word' id='word_1_70' title='bbox 593 1479 625 1539; x_wconf 79' lang='lat' dir='ltr'>vi</span> <span class='ocrx_word' id='word_1_71' title='bbox 651 1479 861 1540; x_wconf 84' lang='lat' dir='ltr'>edificassero</span> <span class='ocrx_word' id='word_1_72' title='bbox 885 1499 929 1542; x_wconf 92' lang='lat' dir='ltr'>un</span> <span class='ocrx_word' id='word_1_73' title='bbox 954 1487 1142 1542; x_wconf 77' lang='lat' dir='ltr'>monastero</span> <span class='ocrx_word' id='word_1_74' title='bbox 1166 1497 1224 1556; x_wconf 85' lang='lat' dir='ltr'>per</span> <span class='ocrx_word' id='word_1_75' title='bbox 1246 1481 1355 1542; x_wconf 86' lang='lat' dir='ltr'>dodioi</span> <span class='ocrx_word' id='word_1_76' title='bbox 1372 1481 1510 1560; x_wconf 84' lang='lat' dir='ltr'>monaci,</span> <span class='ocrx_word' id='word_1_77' title='bbox 1535 1481 1625 1541; x_wconf 86' lang='lat' dir='ltr'>oltre</span> 
     </span>
     <span class='ocr_line' id='line_1_10' title="bbox 451 1585 1625 1664; baseline 0.001 -20"><span class='ocrx_word' id='word_1_78' title='bbox 451 1585 474 1644; x_wconf 92' lang='lat' dir='ltr'>il</span> <span class='ocrx_word' id='word_1_79' title='bbox 499 1586 616 1661; x_wconf 90' lang='lat' dir='ltr'>priore.</span> <span class='ocrx_word' id='word_1_80' title='bbox 653 1586 681 1646; x_wconf 93' lang='lat' dir='ltr'>Il</span> <span class='ocrx_word' id='word_1_81' title='bbox 706 1588 766 1646; x_wconf 81' lang='lat' dir='ltr'>cire</span> <span class='ocrx_word' id='word_1_82' title='bbox 790 1588 824 1648; x_wconf 87' lang='lat' dir='ltr'>iir</span> <span class='ocrx_word' id='word_1_83' title='bbox 850 1588 1009 1648; x_wconf 82' lang='lat' dir='ltr'>condotto</span> <span class='ocrx_word' id='word_1_84' title='bbox 1041 1605 1061 1648; x_wconf 85' lang='lat' dir='ltr'>u</span> <span class='ocrx_word' id='word_1_85' title='bbox 1096 1587 1316 1664; x_wconf 88' lang='lat' dir='ltr'>oompimento</span> <span class='ocrx_word' id='word_1_86' title='bbox 1352 1588 1387 1648; x_wconf 93' lang='lat' dir='ltr'>in</span> <span class='ocrx_word' id='word_1_87' title='bbox 1423 1588 1625 1663; x_wconf 87' lang='lat' dir='ltr'>pochissiruo</span> 
     </span>
     <span class='ocr_line' id='line_1_11' title="bbox 455 1695 634 1768; baseline 0.006 -16"><span class='ocrx_word' id='word_1_88' title='bbox 455 1697 564 1768; x_wconf 87' lang='lat' dir='ltr'>tempo</span> <span class='ocrx_word' id='word_1_89' title='bbox 588 1695 634 1768; x_wconf 75' lang='lat' dir='ltr'>l).</span> 
     </span>
    </p>
   </div>
   <div class='ocr_carea' id='block_1_3' title="bbox 440 1915 1628 4480">
    <p class='ocr_par' dir='ltr' id='par_1_4' title="bbox 519 1915 1416 1984">
     <span class='ocr_line' id='line_1_12' title="bbox 519 1915 1416 1984; baseline -0.009 -8"><span class='ocrx_word' id='word_1_90' title='bbox 519 1918 553 1984; x_wconf 65' lang='lat'>1¹)</span> <span class='ocrx_word' id='word_1_91' title='bbox 575 1915 767 1972; x_wconf 70' lang='lat' dir='ltr'>Tabulatiom</span> <span class='ocrx_word' id='word_1_92' title='bbox 785 1916 817 1972; x_wconf 81' lang='lat' dir='ltr'>S.</span> <span class='ocrx_word' id='word_1_93' title='bbox 839 1918 881 1970; x_wconf 87' lang='grc' dir='ltr'>Μ.</span> <span class='ocrx_word' id='word_1_94' title='bbox 902 1915 1065 1982; x_wconf 67' lang='lat' dir='ltr'>Novaesio</span> <span class='ocrx_word' id='word_1_95' title='bbox 1086 1915 1164 1972; x_wconf 85' lang='lat' dir='ltr'>diem</span> <span class='ocrx_word' id='word_1_96' title='bbox 1184 1917 1219 1970; x_wconf 76' lang='lat'>29</span> <span class='ocrx_word' id='word_1_97' title='bbox 1240 1916 1317 1970; x_wconf 83' lang='lat' dir='ltr'>lunii</span> <span class='ocrx_word' id='word_1_98' title='bbox 1340 1915 1416 1970; x_wconf 81' lang='grc'><strong>1664.</strong></span> 
     </span>
    </p>

    <p class='ocr_par' dir='ltr' id='par_1_5' title="bbox 440 2003 1628 4212">
     <span class='ocr_line' id='line_1_13' title="bbox 522 2003 1628 2076; baseline -0.002 -18"><span class='ocrx_word' id='word_1_99' title='bbox 522 2005 556 2074; x_wconf 71' lang='lat'>(¹)</span> <span class='ocrx_word' id='word_1_100' title='bbox 576 2003 652 2058; x_wconf 84' lang='lat' dir='ltr'>Nell’</span> <span class='ocrx_word' id='word_1_101' title='bbox 666 2011 732 2058; x_wconf 88' lang='lat' dir='ltr'>atto</span> <span class='ocrx_word' id='word_1_102' title='bbox 750 2004 887 2070; x_wconf 84' lang='lat' dir='ltr'>relativo,</span> <span class='ocrx_word' id='word_1_103' title='bbox 906 2005 926 2058; x_wconf 95' lang='lat' dir='ltr'>il</span> <span class='ocrx_word' id='word_1_104' title='bbox 946 2003 1031 2060; x_wconf 80' lang='lat' dir='ltr'>Carti.</span> <span class='ocrx_word' id='word_1_105' title='bbox 1051 2005 1165 2076; x_wconf 74' lang='lat' dir='ltr'>Legato</span> <span class='ocrx_word' id='word_1_106' title='bbox 1184 2003 1320 2061; x_wconf 85' lang='lat' dir='ltr'>descrive</span> <span class='ocrx_word' id='word_1_107' title='bbox 1348 2005 1376 2058; x_wconf 90' lang='lat' dir='ltr'>io</span> <span class='ocrx_word' id='word_1_108' title='bbox 1401 2009 1483 2060; x_wconf 87' lang='lat' dir='ltr'>stato</span> <span class='ocrx_word' id='word_1_109' title='bbox 1502 2003 1547 2058; x_wconf 91' lang='lat' dir='ltr'>del</span> <span class='ocrx_word' id='word_1_110' title='bbox 1567 2021 1628 2058; x_wconf 89' lang='lat' dir='ltr'>mo·</span> 
     </span>
     <span class='ocr_line' id='line_1_14' title="bbox 447 2091 1624 2166; baseline -0.001 -20"><span class='ocrx_word' id='word_1_111' title='bbox 447 2099 568 2146; x_wconf 86' lang='lat' dir='ltr'>usstero</span> <span class='ocrx_word' id='word_1_112' title='bbox 587 2091 616 2146; x_wconf 90' lang='lat' dir='ltr'>di</span> <span class='ocrx_word' id='word_1_113' title='bbox 635 2091 662 2146; x_wconf 80' lang='lat' dir='ltr'>S.</span> <span class='ocrx_word' id='word_1_114' title='bbox 683 2091 809 2146; x_wconf 88' lang='lat' dir='ltr'>Michele</span> <span class='ocrx_word' id='word_1_115' title='bbox 829 2093 858 2146; x_wconf 91' lang='lat' dir='ltr'>in</span> <span class='ocrx_word' id='word_1_116' title='bbox 879 2091 972 2148; x_wconf 88' lang='lat' dir='ltr'>Bosco</span> <span class='ocrx_word' id='word_1_117' title='bbox 989 2110 1004 2147; x_wconf 90' lang='lat' dir='ltr'>e</span> <span class='ocrx_word' id='word_1_118' title='bbox 1020 2095 1045 2148; x_wconf 89' lang='lat' dir='ltr'>le</span> <span class='ocrx_word' id='word_1_119' title='bbox 1065 2093 1231 2148; x_wconf 89' lang='lat' dir='ltr'>condizioni</span> <span class='ocrx_word' id='word_1_120' title='bbox 1253 2092 1331 2166; x_wconf 80' lang='lat' dir='ltr'>degli</span> <span class='ocrx_word' id='word_1_121' title='bbox 1351 2093 1495 2148; x_wconf 86' lang='lat' dir='ltr'>olivetani</span> <span class='ocrx_word' id='word_1_122' title='bbox 1514 2095 1624 2164; x_wconf 87' lang='lat' dir='ltr'>inque·</span> 
     </span>
     <span class='ocr_line' id='line_1_15' title="bbox 446 2181 1626 2251; baseline -0.001 -15"><span class='ocrx_word' id='word_1_123' title='bbox 446 2189 494 2236; x_wconf 89' lang='lat' dir='ltr'>sto</span> <span class='ocrx_word' id='word_1_124' title='bbox 514 2181 606 2234; x_wconf 73' lang='lat' dir='ltr'>modo.</span> <span class='ocrx_word' id='word_1_125' title='bbox 632 2203 705 2234; x_wconf 78' lang='grc'><strong>«.....</strong></span> <span class='ocrx_word' id='word_1_126' title='bbox 726 2181 900 2235; x_wconf 86' lang='lat' dir='ltr'>Invenimus</span> <span class='ocrx_word' id='word_1_127' title='bbox 920 2181 1089 2251; x_wconf 69' lang='lat' dir='ltr'>praefatum</span> <span class='ocrx_word' id='word_1_128' title='bbox 1111 2183 1328 2236; x_wconf 88' lang='lat' dir='ltr'>monasterium</span> <span class='ocrx_word' id='word_1_129' title='bbox 1346 2182 1446 2236; x_wconf 79' lang='lat' dir='ltr'>Sancti</span> <span class='ocrx_word' id='word_1_130' title='bbox 1469 2183 1626 2236; x_wconf 83' lang='lat' dir='ltr'>Michaelis</span> 
     </span>
     <span class='ocr_line' id='line_1_16' title="bbox 445 2269 1628 2342; baseline -0.002 -17"><span class='ocrx_word' id='word_1_131' title='bbox 445 2273 476 2326; x_wconf 91' lang='lat' dir='ltr'>iu</span> <span class='ocrx_word' id='word_1_132' title='bbox 487 2270 695 2341; x_wconf 75' lang='lat' dir='ltr'>spiritualibus</span> <span class='ocrx_word' id='word_1_133' title='bbox 705 2277 736 2324; x_wconf 87' lang='lat' dir='ltr'>et</span> <span class='ocrx_word' id='word_1_134' title='bbox 747 2271 969 2341; x_wconf 75' lang='lat' dir='ltr'>temporalibus,</span> <span class='ocrx_word' id='word_1_135' title='bbox 982 2272 1012 2324; x_wconf 91' lang='lat' dir='ltr'>in</span> <span class='ocrx_word' id='word_1_136' title='bbox 1026 2271 1135 2342; x_wconf 84' lang='lat' dir='ltr'>quibus</span> <span class='ocrx_word' id='word_1_137' title='bbox 1149 2269 1307 2326; x_wconf 88' lang='lat' dir='ltr'>florescere</span> <span class='ocrx_word' id='word_1_138' title='bbox 1321 2277 1520 2326; x_wconf 86' lang='lat' dir='ltr'>consueverat</span> <span class='ocrx_word' id='word_1_139' title='bbox 1529 2271 1566 2324; x_wconf 83' lang='lat' dir='ltr'>ab</span> <span class='ocrx_word' id='word_1_140' title='bbox 1576 2288 1628 2324; x_wconf 84' lang='lat' dir='ltr'>an-</span> 
     </span>
     <span class='ocr_line' id='line_1_17' title="bbox 447 2360 1628 2432; baseline 0.002 -18"><span class='ocrx_word' id='word_1_141' title='bbox 447 2362 541 2430; x_wconf 86' lang='lat' dir='ltr'>tiquo,</span> <span class='ocrx_word' id='word_1_142' title='bbox 567 2367 629 2414; x_wconf 91' lang='lat' dir='ltr'>tam</span> <span class='ocrx_word' id='word_1_143' title='bbox 653 2363 775 2430; x_wconf 77' lang='lat' dir='ltr'>propter</span> <span class='ocrx_word' id='word_1_144' title='bbox 801 2360 946 2416; x_wconf 79' lang='lat' dir='ltr'>malitiam</span> <span class='ocrx_word' id='word_1_145' title='bbox 972 2361 1111 2432; x_wconf 82' lang='lat' dir='ltr'>temporis</span> <span class='ocrx_word' id='word_1_146' title='bbox 1129 2365 1156 2416; x_wconf 82' lang='lat' dir='ltr'>et</span> <span class='ocrx_word' id='word_1_147' title='bbox 1171 2377 1349 2432; x_wconf 73' lang='lat' dir='ltr'>poemorum</span> <span class='ocrx_word' id='word_1_148' title='bbox 1368 2361 1514 2427; x_wconf 79' lang='lat' dir='ltr'>incursus,</span> <span class='ocrx_word' id='word_1_149' title='bbox 1534 2377 1628 2430; x_wconf 84' lang='lat' dir='ltr'>quarn</span> 
     </span>
     <span class='ocr_line' id='line_1_18' title="bbox 440 2447 1628 2522; baseline -0.003 -18"><span class='ocrx_word' id='word_1_150' title='bbox 440 2452 564 2520; x_wconf 77' lang='lat' dir='ltr'>propter</span> <span class='ocrx_word' id='word_1_151' title='bbox 581 2447 730 2504; x_wconf 79' lang='lat' dir='ltr'>incuriam</span> <span class='ocrx_word' id='word_1_152' title='bbox 748 2447 914 2519; x_wconf 78' lang='lat' dir='ltr'>aliquorum</span> <span class='ocrx_word' id='word_1_153' title='bbox 933 2466 971 2504; x_wconf 73' lang='lat' dir='ltr'>ex</span> <span class='ocrx_word' id='word_1_154' title='bbox 989 2449 1085 2520; x_wconf 84' lang='lat' dir='ltr'>ipsius</span> <span class='ocrx_word' id='word_1_155' title='bbox 1106 2449 1175 2506; x_wconf 83' lang='lat' dir='ltr'>olim</span> <span class='ocrx_word' id='word_1_156' title='bbox 1192 2449 1344 2520; x_wconf 81' lang='lat' dir='ltr'>prioribus</span> <span class='ocrx_word' id='word_1_157' title='bbox 1362 2454 1450 2522; x_wconf 82' lang='lat' dir='ltr'>alque</span> <span class='ocrx_word' id='word_1_158' title='bbox 1463 2449 1628 2515; x_wconf 66' lang='lat' dir='ltr'>currentem,</span> 
     </span>
     <span class='ocr_line' id='line_1_19' title="bbox 445 2539 1624 2610; baseline -0.001 -18"><span class='ocrx_word' id='word_1_159' title='bbox 445 2541 489 2592; x_wconf 86' lang='lat' dir='ltr'>ita</span> <span class='ocrx_word' id='word_1_160' title='bbox 506 2555 573 2592; x_wconf 89' lang='lat' dir='ltr'>esse</span> <span class='ocrx_word' id='word_1_161' title='bbox 591 2539 756 2608; x_wconf 89' lang='lat' dir='ltr'>collapsum</span> <span class='ocrx_word' id='word_1_162' title='bbox 775 2547 806 2592; x_wconf 89' lang='lat' dir='ltr'>et</span> <span class='ocrx_word' id='word_1_163' title='bbox 825 2541 989 2594; x_wconf 76' lang='lat' dir='ltr'>enormiter</span> <span class='ocrx_word' id='word_1_164' title='bbox 1016 2539 1226 2607; x_wconf 87' lang='lat' dir='ltr'>deformatum,</span> <span class='ocrx_word' id='word_1_165' title='bbox 1245 2539 1323 2610; x_wconf 88' lang='lat' dir='ltr'>quod</span> <span class='ocrx_word' id='word_1_166' title='bbox 1352 2540 1436 2594; x_wconf 88' lang='lat' dir='ltr'>nulla</span> <span class='ocrx_word' id='word_1_167' title='bbox 1466 2540 1553 2610; x_wconf 83' lang='lat' dir='ltr'>quasi</span> <span class='ocrx_word' id='word_1_168' title='bbox 1572 2539 1624 2594; x_wconf 85' lang='lat' dir='ltr'>vel</span> 
     </span>
     <span class='ocr_line' id='line_1_20' title="bbox 446 2627 1626 2698; baseline 0 -16"><span class='ocrx_word' id='word_1_169' title='bbox 446 2627 561 2682; x_wconf 85' lang='lat' dir='ltr'>modica</span> <span class='ocrx_word' id='word_1_170' title='bbox 579 2627 635 2682; x_wconf 92' lang='lat' dir='ltr'>sibi</span> <span class='ocrx_word' id='word_1_171' title='bbox 655 2627 741 2682; x_wconf 87' lang='lat' dir='ltr'>adest</span> <span class='ocrx_word' id='word_1_172' title='bbox 760 2627 942 2698; x_wconf 86' lang='lat' dir='ltr'>possibilitas</span> <span class='ocrx_word' id='word_1_173' title='bbox 963 2630 1009 2682; x_wconf 89' lang='lat' dir='ltr'>vel</span> <span class='ocrx_word' id='word_1_174' title='bbox 1028 2627 1166 2696; x_wconf 81' lang='lat' dir='ltr'>facultas,</span> <span class='ocrx_word' id='word_1_175' title='bbox 1187 2635 1229 2698; x_wconf 81' lang='lat' dir='ltr'>ut,</span> <span class='ocrx_word' id='word_1_176' title='bbox 1250 2629 1354 2684; x_wconf 88' lang='lat' dir='ltr'>habitu</span> <span class='ocrx_word' id='word_1_177' title='bbox 1373 2646 1446 2684; x_wconf 88' lang='lat' dir='ltr'>suae</span> <span class='ocrx_word' id='word_1_178' title='bbox 1468 2627 1626 2682; x_wconf 86' lang='lat' dir='ltr'>desolatio-</span> 
     </span>
     <span class='ocr_line' id='line_1_21' title="bbox 445 2718 1627 2788; baseline -0.004 -16"><span class='ocrx_word' id='word_1_179' title='bbox 445 2721 493 2772; x_wconf 86' lang='lat' dir='ltr'>nis</span> <span class='ocrx_word' id='word_1_180' title='bbox 511 2718 634 2782; x_wconf 84' lang='lat' dir='ltr'>sbiecto,</span> <span class='ocrx_word' id='word_1_181' title='bbox 655 2735 707 2788; x_wconf 88' lang='lat' dir='ltr'>per</span> <span class='ocrx_word' id='word_1_182' title='bbox 726 2734 758 2772; x_wconf 88' lang='lat' dir='ltr'>se</span> <span class='ocrx_word' id='word_1_183' title='bbox 778 2719 876 2787; x_wconf 88' lang='lat' dir='ltr'>ipsum</span> <span class='ocrx_word' id='word_1_184' title='bbox 895 2719 1004 2774; x_wconf 86' lang='lat' dir='ltr'>stolam</span> <span class='ocrx_word' id='word_1_185' title='bbox 1024 2719 1222 2774; x_wconf 86' lang='lat' dir='ltr'>iucunditatis</span> <span class='ocrx_word' id='word_1_186' title='bbox 1243 2718 1376 2786; x_wconf 85' lang='lat' dir='ltr'>induere,</span> <span class='ocrx_word' id='word_1_187' title='bbox 1391 2735 1426 2774; x_wconf 87' lang='lat' dir='ltr'>ac</span> <span class='ocrx_word' id='word_1_188' title='bbox 1440 2719 1487 2774; x_wconf 89' lang='lat' dir='ltr'>sui</span> <span class='ocrx_word' id='word_1_189' title='bbox 1507 2718 1627 2786; x_wconf 85' lang='lat' dir='ltr'>antiqui</span> 
     </span>
     <span class='ocr_line' id='line_1_22' title="bbox 448 2805 1627 2880; baseline -0.002 -18"><span class='ocrx_word' id='word_1_190' title='bbox 448 2814 548 2862; x_wconf 84' lang='lat' dir='ltr'>status</span> <span class='ocrx_word' id='word_1_191' title='bbox 566 2805 702 2862; x_wconf 87' lang='lat' dir='ltr'>decorem</span> <span class='ocrx_word' id='word_1_192' title='bbox 722 2809 817 2877; x_wconf 87' lang='lat' dir='ltr'>possit</span> <span class='ocrx_word' id='word_1_193' title='bbox 836 2825 997 2874; x_wconf 85' lang='lat' dir='ltr'>resumere,</span> <span class='ocrx_word' id='word_1_194' title='bbox 1018 2809 1075 2862; x_wconf 93' lang='lat' dir='ltr'>nisi</span> <span class='ocrx_word' id='word_1_195' title='bbox 1096 2808 1151 2863; x_wconf 92' lang='lat' dir='ltr'>hoc</span> <span class='ocrx_word' id='word_1_196' title='bbox 1169 2809 1227 2864; x_wconf 90' lang='lat' dir='ltr'>sibi</span> <span class='ocrx_word' id='word_1_197' title='bbox 1256 2825 1309 2879; x_wconf 89' lang='lat' dir='ltr'>per</span> <span class='ocrx_word' id='word_1_198' title='bbox 1333 2807 1463 2880; x_wconf 86' lang='lat' dir='ltr'>diligens</span> <span class='ocrx_word' id='word_1_199' title='bbox 1492 2808 1627 2863; x_wconf 85' lang='lat' dir='ltr'>ministe-</span> 
     </span>
     <span class='ocr_line' id='line_1_23' title="bbox 447 2897 1626 2966; baseline -0.002 -16"><span class='ocrx_word' id='word_1_200' title='bbox 447 2898 526 2952; x_wconf 88' lang='lat' dir='ltr'>rium</span> <span class='ocrx_word' id='word_1_201' title='bbox 544 2914 578 2950; x_wconf 84' lang='lat' dir='ltr'>ac</span> <span class='ocrx_word' id='word_1_202' title='bbox 598 2897 798 2966; x_wconf 82' lang='lat' dir='ltr'>exemplarem</span> <span class='ocrx_word' id='word_1_203' title='bbox 812 2898 951 2952; x_wconf 84' lang='lat' dir='ltr'>vitamet</span> <span class='ocrx_word' id='word_1_204' title='bbox 965 2899 1072 2954; x_wconf 85' lang='lat' dir='ltr'>merita</span> <span class='ocrx_word' id='word_1_205' title='bbox 1092 2897 1242 2954; x_wconf 86' lang='lat' dir='ltr'>dictorum</span> <span class='ocrx_word' id='word_1_206' title='bbox 1262 2897 1387 2954; x_wconf 84' lang='lat' dir='ltr'>Abbatis</span> <span class='ocrx_word' id='word_1_207' title='bbox 1406 2905 1438 2952; x_wconf 90' lang='lat' dir='ltr'>et</span> <span class='ocrx_word' id='word_1_208' title='bbox 1457 2902 1626 2952; x_wconf 87' lang='lat' dir='ltr'>conventus</span> 
     </span>
     <span class='ocr_line' id='line_1_24' title="bbox 446 2984 1628 3060; baseline -0.003 -19"><span class='ocrx_word' id='word_1_209' title='bbox 446 2988 620 3042; x_wconf 88' lang='lat' dir='ltr'>monasterii</span> <span class='ocrx_word' id='word_1_210' title='bbox 641 2986 726 3042; x_wconf 89' lang='lat' dir='ltr'>beate</span> <span class='ocrx_word' id='word_1_211' title='bbox 748 2986 843 3040; x_wconf 89' lang='lat' dir='ltr'>Marie</span> <span class='ocrx_word' id='word_1_212' title='bbox 861 2984 984 3058; x_wconf 83' lang='lat' dir='ltr'>[Montis</span> <span class='ocrx_word' id='word_1_213' title='bbox 1003 2985 1132 3060; x_wconf 76' lang='lat' dir='ltr'>Olivetil,</span> <span class='ocrx_word' id='word_1_214' title='bbox 1152 2989 1338 3058; x_wconf 87' lang='lat' dir='ltr'>aliorumque</span> <span class='ocrx_word' id='word_1_215' title='bbox 1359 2985 1574 3044; x_wconf 76' lang='lat' dir='ltr'>Mesochorum</span> <span class='ocrx_word' id='word_1_216' title='bbox 1595 2991 1628 3038; x_wconf 90' lang='lat' dir='ltr'>et</span> 
     </span>
     <span class='ocr_line' id='line_1_25' title="bbox 444 3073 1625 3147; baseline -0.001 -19"><span class='ocrx_word' id='word_1_217' title='bbox 444 3073 574 3130; x_wconf 84' lang='lat' dir='ltr'>fratrum</span> <span class='ocrx_word' id='word_1_218' title='bbox 594 3091 726 3142; x_wconf 84' lang='lat' dir='ltr'>suorum,</span> <span class='ocrx_word' id='word_1_219' title='bbox 746 3077 796 3146; x_wconf 90' lang='lat' dir='ltr'>qni</span> <span class='ocrx_word' id='word_1_220' title='bbox 816 3082 940 3130; x_wconf 86' lang='lat' dir='ltr'>servant</span> <span class='ocrx_word' id='word_1_221' title='bbox 958 3075 1063 3130; x_wconf 83' lang='lat' dir='ltr'>eadem</span> <span class='ocrx_word' id='word_1_222' title='bbox 1082 3077 1169 3146; x_wconf 84' lang='lat' dir='ltr'>qussi</span> <span class='ocrx_word' id='word_1_223' title='bbox 1189 3077 1357 3147; x_wconf 81' lang='lat' dir='ltr'>privilegia,</span> <span class='ocrx_word' id='word_1_224' title='bbox 1384 3075 1561 3130; x_wconf 80' lang='lat' dir='ltr'>cerimonias</span> <span class='ocrx_word' id='word_1_225' title='bbox 1592 3081 1625 3128; x_wconf 87' lang='lat' dir='ltr'>et</span> 
     </span>
     <span class='ocr_line' id='line_1_26' title="bbox 447 3164 1627 3234; baseline 0 -18"><span class='ocrx_word' id='word_1_226' title='bbox 447 3165 651 3232; x_wconf 83' lang='lat' dir='ltr'>austeritates,</span> <span class='ocrx_word' id='word_1_227' title='bbox 670 3182 727 3234; x_wconf 91' lang='lat' dir='ltr'>que</span> <span class='ocrx_word' id='word_1_228' title='bbox 747 3166 775 3218; x_wconf 91' lang='lat' dir='ltr'>iu</span> <span class='ocrx_word' id='word_1_229' title='bbox 797 3164 875 3218; x_wconf 86' lang='lat' dir='ltr'>dicto</span> <span class='ocrx_word' id='word_1_230' title='bbox 895 3167 1079 3222; x_wconf 85' lang='lat' dir='ltr'>monasterio</span> <span class='ocrx_word' id='word_1_231' title='bbox 1108 3165 1208 3220; x_wconf 84' lang='lat' dir='ltr'>Sancti</span> <span class='ocrx_word' id='word_1_232' title='bbox 1231 3165 1383 3222; x_wconf 89' lang='lat' dir='ltr'>Michaelis</span> <span class='ocrx_word' id='word_1_233' title='bbox 1402 3171 1627 3220; x_wconf 79' lang='lat' dir='ltr'>consueverunt</span> 
     </span>
     <span class='ocr_line' id='line_1_27' title="bbox 446 3252 1626 3324; baseline 0.001 -18"><span class='ocrx_word' id='word_1_234' title='bbox 446 3252 599 3308; x_wconf 88' lang='lat' dir='ltr'>observari</span> <span class='ocrx_word' id='word_1_235' title='bbox 619 3252 721 3308; x_wconf 76' lang='lat' dir='ltr'>&lt;lirina</span> <span class='ocrx_word' id='word_1_236' title='bbox 740 3255 899 3324; x_wconf 85' lang='lat' dir='ltr'>proveniet</span> <span class='ocrx_word' id='word_1_237' title='bbox 920 3255 1039 3323; x_wconf 84' lang='lat' dir='ltr'>pietate.</span> <span class='ocrx_word' id='word_1_238' title='bbox 1059 3253 1199 3324; x_wconf 85' lang='lat' dir='ltr'>Ipsorum</span> <span class='ocrx_word' id='word_1_239' title='bbox 1219 3256 1298 3310; x_wconf 89' lang='lat' dir='ltr'>euim</span> <span class='ocrx_word' id='word_1_240' title='bbox 1312 3253 1436 3311; x_wconf 84' lang='lat' dir='ltr'>Abbatis</span> <span class='ocrx_word' id='word_1_241' title='bbox 1455 3259 1486 3310; x_wconf 89' lang='lat' dir='ltr'>et</span> <span class='ocrx_word' id='word_1_242' title='bbox 1499 3269 1626 3309; x_wconf 89' lang='lat' dir='ltr'>conven-</span> 
     </span>
     <span class='ocr_line' id='line_1_28' title="bbox 446 3341 1625 3414; baseline 0 -20"><span class='ocrx_word' id='word_1_243' title='bbox 446 3347 498 3396; x_wconf 86' lang='lat' dir='ltr'>tus</span> <span class='ocrx_word' id='word_1_244' title='bbox 517 3342 729 3396; x_wconf 87' lang='lat' dir='ltr'>monachorum</span> <span class='ocrx_word' id='word_1_245' title='bbox 749 3347 781 3396; x_wconf 87' lang='lat' dir='ltr'>et</span> <span class='ocrx_word' id='word_1_246' title='bbox 799 3341 929 3399; x_wconf 85' lang='lat' dir='ltr'>fratrum</span> <span class='ocrx_word' id='word_1_247' title='bbox 948 3360 1034 3400; x_wconf 79' lang='lat' dir='ltr'>sacra</span> <span class='ocrx_word' id='word_1_248' title='bbox 1053 3344 1161 3414; x_wconf 74' lang='lat' dir='ltr'>reiipio,</span> <span class='ocrx_word' id='word_1_249' title='bbox 1190 3348 1342 3414; x_wconf 84' lang='lat' dir='ltr'>tarnqoam</span> <span class='ocrx_word' id='word_1_250' title='bbox 1370 3359 1441 3412; x_wconf 77' lang='lat' dir='ltr'>aper·</span> <span class='ocrx_word' id='word_1_251' title='bbox 1458 3341 1625 3396; x_wconf 80' lang='lat' dir='ltr'>dominicus</span> 
     </span>
     <span class='ocr_line' id='line_1_29' title="bbox 445 3429 1625 3502; baseline 0 -19"><span class='ocrx_word' id='word_1_252' title='bbox 445 3429 601 3500; x_wconf 74' lang='lat' dir='ltr'>influentia</span> <span class='ocrx_word' id='word_1_253' title='bbox 619 3430 742 3500; x_wconf 83' lang='lat' dir='ltr'>superni</span> <span class='ocrx_word' id='word_1_254' title='bbox 759 3431 835 3486; x_wconf 81' lang='lat' dir='ltr'>roris</span> <span class='ocrx_word' id='word_1_255' title='bbox 853 3435 880 3486; x_wconf 84' lang='lat' dir='ltr'>ei</span> <span class='ocrx_word' id='word_1_256' title='bbox 897 3431 1002 3488; x_wconf 75' lang='lat' dir='ltr'>durinc</span> <span class='ocrx_word' id='word_1_257' title='bbox 1021 3432 1216 3488; x_wconf 78' lang='lat' dir='ltr'>berrcdictione</span> <span class='ocrx_word' id='word_1_258' title='bbox 1234 3432 1383 3501; x_wconf 69' lang='lat' dir='ltr'>periimus,</span> <span class='ocrx_word' id='word_1_259' title='bbox 1400 3430 1484 3502; x_wconf 77' lang='lat' dir='ltr'>efficit</span> <span class='ocrx_word' id='word_1_260' title='bbox 1501 3433 1625 3486; x_wconf 82' lang='lat' dir='ltr'>cultores</span> 
     </span>
     <span class='ocr_line' id='line_1_30' title="bbox 447 3517 1625 3592; baseline 0 -20"><span class='ocrx_word' id='word_1_261' title='bbox 447 3517 617 3582; x_wconf 61' lang='lat' dir='ltr'>terminos,</span> <span class='ocrx_word' id='word_1_262' title='bbox 634 3517 776 3587; x_wconf 77' lang='lat' dir='ltr'>pudicitie</span> <span class='ocrx_word' id='word_1_263' title='bbox 795 3518 888 3574; x_wconf 82' lang='lat' dir='ltr'>nitore</span> <span class='ocrx_word' id='word_1_264' title='bbox 904 3522 1051 3588; x_wconf 79' lang='lat' dir='ltr'>preclaros</span> <span class='ocrx_word' id='word_1_265' title='bbox 1078 3523 1106 3574; x_wconf 84' lang='lat' dir='ltr'>et</span> <span class='ocrx_word' id='word_1_266' title='bbox 1130 3520 1268 3592; x_wconf 83' lang='lat' dir='ltr'>preditos,</span> <span class='ocrx_word' id='word_1_267' title='bbox 1297 3521 1499 3590; x_wconf 69' lang='lat' dir='ltr'>arpumealose</span> <span class='ocrx_word' id='word_1_268' title='bbox 1524 3517 1625 3588; x_wconf 78' lang='lat' dir='ltr'>pratia</span> 
     </span>
     <span class='ocr_line' id='line_1_31' title="bbox 444 3606 1625 3679; baseline -0.002 -17"><span class='ocrx_word' id='word_1_269' title='bbox 444 3606 609 3676; x_wconf 71' lang='lat' dir='ltr'>probitatis,</span> <span class='ocrx_word' id='word_1_270' title='bbox 628 3624 753 3677; x_wconf 77' lang='lat' dir='ltr'>querum</span> <span class='ocrx_word' id='word_1_271' title='bbox 768 3608 896 3677; x_wconf 68' lang='lat' dir='ltr'>plorent</span> <span class='ocrx_word' id='word_1_272' title='bbox 913 3611 1042 3666; x_wconf 80' lang='lat' dir='ltr'>sedentes</span> <span class='ocrx_word' id='word_1_273' title='bbox 1068 3625 1151 3668; x_wconf 82' lang='lat' dir='ltr'>secus</span> <span class='ocrx_word' id='word_1_274' title='bbox 1175 3611 1264 3679; x_wconf 84' lang='lat' dir='ltr'>pedes</span> <span class='ocrx_word' id='word_1_275' title='bbox 1286 3607 1411 3664; x_wconf 71' lang='lat' dir='ltr'>Domini</span> <span class='ocrx_word' id='word_1_276' title='bbox 1437 3625 1504 3664; x_wconf 84' lang='lat' dir='ltr'>curn</span> <span class='ocrx_word' id='word_1_277' title='bbox 1523 3607 1625 3664; x_wconf 67' lang='lat' dir='ltr'>Maria</span> 
     </span>
     <span class='ocr_line' id='line_1_32' title="bbox 444 3695 1626 3769; baseline -0.001 -19"><span class='ocrx_word' id='word_1_278' title='bbox 444 3699 562 3767; x_wconf 81' lang='lat' dir='ltr'>perlem</span> <span class='ocrx_word' id='word_1_279' title='bbox 579 3697 720 3766; x_wconf 83' lang='lat' dir='ltr'>optimam</span> <span class='ocrx_word' id='word_1_280' title='bbox 739 3697 880 3766; x_wconf 74' lang='lat' dir='ltr'>stipantes,</span> <span class='ocrx_word' id='word_1_281' title='bbox 899 3697 931 3756; x_wconf 83' lang='lat' dir='ltr'>r&#39;n</span> <span class='ocrx_word' id='word_1_282' title='bbox 950 3701 1007 3768; x_wconf 73' lang='lat' dir='ltr'>iope</span> <span class='ocrx_word' id='word_1_283' title='bbox 1024 3699 1088 3754; x_wconf 83' lang='lat' dir='ltr'>cios</span> <span class='ocrx_word' id='word_1_284' title='bbox 1099 3699 1214 3769; x_wconf 72' lang='lat' dir='ltr'>jupiter·</span> <span class='ocrx_word' id='word_1_285' title='bbox 1226 3698 1423 3764; x_wconf 60' lang='lat' dir='ltr'>meditantem</span> <span class='ocrx_word' id='word_1_286' title='bbox 1436 3701 1463 3754; x_wconf 85' lang='lat' dir='ltr'>et</span> <span class='ocrx_word' id='word_1_287' title='bbox 1474 3699 1514 3752; x_wconf 80' lang='lat' dir='ltr'>ad</span> <span class='ocrx_word' id='word_1_288' title='bbox 1526 3695 1626 3752; x_wconf 71' lang='lat' dir='ltr'>diuisae</span> 
     </span>
     <span class='ocr_line' id='line_1_33' title="bbox 449 3785 1623 3860; baseline 0 -20"><span class='ocrx_word' id='word_1_289' title='bbox 449 3785 609 3840; x_wconf 66' lang='lat' dir='ltr'>emicare</span> <span class='ocrx_word' id='word_1_290' title='bbox 627 3785 795 3856; x_wconf 79' lang='lat' dir='ltr'>obsequium</span> <span class='ocrx_word' id='word_1_291' title='bbox 815 3789 936 3842; x_wconf 72' lang='lat' dir='ltr'>tranunt</span> <span class='ocrx_word' id='word_1_292' title='bbox 953 3788 1027 3844; x_wconf 75' lang='lat' dir='ltr'>allos</span> <span class='ocrx_word' id='word_1_293' title='bbox 1045 3805 1099 3857; x_wconf 85' lang='lat' dir='ltr'>per</span> <span class='ocrx_word' id='word_1_294' title='bbox 1116 3791 1289 3860; x_wconf 72' lang='lat' dir='ltr'>exemplum.</span> <span class='ocrx_word' id='word_1_295' title='bbox 1309 3786 1500 3858; x_wconf 78' lang='lat' dir='ltr'>Quapropter</span> <span class='ocrx_word' id='word_1_296' title='bbox 1517 3803 1574 3842; x_wconf 90' lang='lat' dir='ltr'>ecc.</span> <span class='ocrx_word' id='word_1_297' title='bbox 1590 3815 1623 3828; x_wconf 85' lang='grc'>-</span> 
     </span>
     <span class='ocr_line' id='line_1_34' title="bbox 448 3875 1624 3946; baseline -0.001 -16"><span class='ocrx_word' id='word_1_298' title='bbox 448 3875 476 3930; x_wconf 93' lang='lat' dir='ltr'>Il</span> <span class='ocrx_word' id='word_1_299' title='bbox 493 3875 591 3944; x_wconf 90' lang='lat' dir='ltr'>priore</span> <span class='ocrx_word' id='word_1_300' title='bbox 611 3875 812 3945; x_wconf 84' lang='lat' dir='ltr'>Agostiniano</span> <span class='ocrx_word' id='word_1_301' title='bbox 831 3876 968 3932; x_wconf 75' lang='lat' dir='ltr'>rinunzio</span> <span class='ocrx_word' id='word_1_302' title='bbox 986 3879 1064 3932; x_wconf 89' lang='lat' dir='ltr'>uelle</span> <span class='ocrx_word' id='word_1_303' title='bbox 1085 3879 1163 3932; x_wconf 88' lang='lat' dir='ltr'>mani</span> <span class='ocrx_word' id='word_1_304' title='bbox 1184 3877 1232 3932; x_wconf 89' lang='lat' dir='ltr'>del</span> <span class='ocrx_word' id='word_1_305' title='bbox 1251 3875 1336 3932; x_wconf 81' lang='lat' dir='ltr'>Garri.</span> <span class='ocrx_word' id='word_1_306' title='bbox 1356 3875 1470 3946; x_wconf 78' lang='lat' dir='ltr'>Legato</span> <span class='ocrx_word' id='word_1_307' title='bbox 1498 3876 1519 3930; x_wconf 90' lang='lat' dir='ltr'>il</span> <span class='ocrx_word' id='word_1_308' title='bbox 1544 3875 1624 3946; x_wconf 80' lang='lat' dir='ltr'>prio·</span> 
     </span>
     <span class='ocr_line' id='line_1_35' title="bbox 449 3963 1626 4034; baseline 0 -16"><span class='ocrx_word' id='word_1_309' title='bbox 449 3968 521 4020; x_wconf 82' lang='lat' dir='ltr'>rato.</span> <span class='ocrx_word' id='word_1_310' title='bbox 540 3964 577 4018; x_wconf 93' lang='lat' dir='ltr'>Di</span> <span class='ocrx_word' id='word_1_311' title='bbox 596 3964 636 4020; x_wconf 92' lang='lat' dir='ltr'>lui</span> <span class='ocrx_word' id='word_1_312' title='bbox 657 3966 682 4018; x_wconf 92' lang='lat' dir='ltr'>si</span> <span class='ocrx_word' id='word_1_313' title='bbox 701 3964 740 4020; x_wconf 82' lang='lat' dir='ltr'>hs</span> <span class='ocrx_word' id='word_1_314' title='bbox 758 3965 826 4021; x_wconf 82' lang='lat' dir='ltr'>nelr’</span> <span class='ocrx_word' id='word_1_315' title='bbox 841 3965 973 4022; x_wconf 66' lang='lat' dir='ltr'>Historia</span> <span class='ocrx_word' id='word_1_316' title='bbox 993 3967 1124 4024; x_wconf 71' lang='lat' dir='ltr'>Merena</span> <span class='ocrx_word' id='word_1_317' title='bbox 1143 3967 1331 4034; x_wconf 67' lang='lat' dir='ltr'>(Murre&#39;roun</span> <span class='ocrx_word' id='word_1_318' title='bbox 1350 3969 1386 4021; x_wconf 86' lang='lat' dir='ltr'>R.</span> <span class='ocrx_word' id='word_1_319' title='bbox 1409 3968 1432 4024; x_wconf 85' lang='lat' dir='ltr'>I.</span> <span class='ocrx_word' id='word_1_320' title='bbox 1462 3969 1491 4018; x_wconf 69' lang='lat' dir='ltr'>S.</span> <span class='ocrx_word' id='word_1_321' title='bbox 1511 3963 1626 4032; x_wconf 82' lang='lat' dir='ltr'>XVIII,</span> 
     </span>
     <span class='ocr_line' id='line_1_36' title="bbox 451 4051 1625 4126; baseline -0.001 -18"><span class='ocrx_word' id='word_1_322' title='bbox 451 4051 515 4123; x_wconf 74' lang='lat'>476)</span> <span class='ocrx_word' id='word_1_323' title='bbox 534 4052 588 4112; x_wconf 86' lang='lat' dir='ltr'>che</span> <span class='ocrx_word' id='word_1_324' title='bbox 613 4070 690 4108; x_wconf 75' lang='lat' dir='ltr'>«ora</span> <span class='ocrx_word' id='word_1_325' title='bbox 708 4059 815 4108; x_wconf 82' lang='lat' dir='ltr'>teneto</span> <span class='ocrx_word' id='word_1_326' title='bbox 835 4053 966 4125; x_wconf 87' lang='lat' dir='ltr'>dsppoco</span> <span class='ocrx_word' id='word_1_327' title='bbox 986 4072 1001 4112; x_wconf 89' lang='lat' dir='ltr'>e</span> <span class='ocrx_word' id='word_1_328' title='bbox 1021 4058 1049 4112; x_wconf 83' lang='lat' dir='ltr'>ri</span> <span class='ocrx_word' id='word_1_329' title='bbox 1070 4063 1157 4112; x_wconf 86' lang='lat' dir='ltr'>stava</span> <span class='ocrx_word' id='word_1_330' title='bbox 1177 4074 1232 4113; x_wconf 91' lang='lat' dir='ltr'>oen</span> <span class='ocrx_word' id='word_1_331' title='bbox 1245 4056 1328 4126; x_wconf 87' lang='lat' dir='ltr'>pochi</span> <span class='ocrx_word' id='word_1_332' title='bbox 1342 4053 1415 4112; x_wconf 77' lang='lat' dir='ltr'>listi</span> <span class='ocrx_word' id='word_1_333' title='bbox 1428 4071 1443 4113; x_wconf 88' lang='lat' dir='ltr'>e</span> <span class='ocrx_word' id='word_1_334' title='bbox 1457 4071 1517 4111; x_wconf 86' lang='lat' dir='ltr'>nou</span> <span class='ocrx_word' id='word_1_335' title='bbox 1530 4069 1625 4108; x_wconf 82' lang='lat' dir='ltr'>svera</span> 
     </span>
     <span class='ocr_line' id='line_1_37' title="bbox 451 4144 801 4212; baseline 0.006 -16"><span class='ocrx_word' id='word_1_336' title='bbox 451 4149 556 4212; x_wconf 88' lang='lat' dir='ltr'>troppo</span> <span class='ocrx_word' id='word_1_337' title='bbox 574 4149 680 4198; x_wconf 82' lang='lat' dir='ltr'>onesta</span> <span class='ocrx_word' id='word_1_338' title='bbox 699 4144 801 4198; x_wconf 83' lang='lat' dir='ltr'>vita».</span> 
     </span>
    </p>

    <p class='ocr_par' dir='ltr' id='par_1_6' title="bbox 450 4224 1625 4480">
     <span class='ocr_line' id='line_1_38' title="bbox 520 4224 1625 4297; baseline 0 -17"><span class='ocrx_word' id='word_1_339' title='bbox 520 4225 555 4296; x_wconf 74' lang='lat'>(³)</span> <span class='ocrx_word' id='word_1_340' title='bbox 574 4224 631 4280; x_wconf 74' lang='lat' dir='ltr'>oo.</span> <span class='ocrx_word' id='word_1_341' title='bbox 652 4225 877 4294; x_wconf 76' lang='lat' dir='ltr'>Lauoeonoru,</span> <span class='ocrx_word' id='word_1_342' title='bbox 898 4227 1007 4284; x_wconf 56' lang='lat' dir='ltr'>Hector.</span> <span class='ocrx_word' id='word_1_343' title='bbox 1028 4230 1109 4296; x_wconf 74' lang='lat' dir='ltr'>oria,</span> <span class='ocrx_word' id='word_1_344' title='bbox 1128 4229 1168 4297; x_wconf 84' lang='grc' dir='ltr'>ΙΙ,</span> <span class='ocrx_word' id='word_1_345' title='bbox 1190 4230 1241 4282; x_wconf 79' lang='grc'>146</span> <span class='ocrx_word' id='word_1_346' title='bbox 1260 4246 1299 4284; x_wconf 87' lang='lat' dir='ltr'>ss.</span> <span class='ocrx_word' id='word_1_347' title='bbox 1328 4228 1385 4296; x_wconf 85' lang='lat' dir='ltr'>Qui</span> <span class='ocrx_word' id='word_1_348' title='bbox 1403 4231 1425 4284; x_wconf 90' lang='lat' dir='ltr'>il</span> <span class='ocrx_word' id='word_1_349' title='bbox 1445 4229 1625 4286; x_wconf 82' lang='lat' dir='ltr'>Leucollotti</span> 
     </span>
     <span class='ocr_line' id='line_1_39' title="bbox 450 4313 1625 4386; baseline 0.003 -18"><span class='ocrx_word' id='word_1_350' title='bbox 450 4315 533 4384; x_wconf 85' lang='lat' dir='ltr'>paria</span> <span class='ocrx_word' id='word_1_351' title='bbox 551 4314 644 4370; x_wconf 86' lang='lat' dir='ltr'>anche</span> <span class='ocrx_word' id='word_1_352' title='bbox 664 4313 742 4368; x_wconf 84' lang='lat' dir='ltr'>della</span> <span class='ocrx_word' id='word_1_353' title='bbox 761 4317 858 4386; x_wconf 85' lang='lat' dir='ltr'>prima</span> <span class='ocrx_word' id='word_1_354' title='bbox 876 4315 945 4372; x_wconf 84' lang='lat' dir='ltr'>sede</span> <span class='ocrx_word' id='word_1_355' title='bbox 965 4315 1019 4372; x_wconf 89' lang='lat' dir='ltr'>che</span> <span class='ocrx_word' id='word_1_356' title='bbox 1039 4317 1148 4374; x_wconf 87' lang='lat' dir='ltr'>ebbero</span> <span class='ocrx_word' id='word_1_357' title='bbox 1175 4319 1184 4370; x_wconf 94' lang='lat' dir='ltr'>i</span> <span class='ocrx_word' id='word_1_358' title='bbox 1214 4320 1329 4374; x_wconf 87' lang='lat' dir='ltr'>monaci</span> <span class='ocrx_word' id='word_1_359' title='bbox 1358 4319 1501 4376; x_wconf 85' lang='lat' dir='ltr'>olivetani</span> <span class='ocrx_word' id='word_1_360' title='bbox 1524 4333 1625 4386; x_wconf 86' lang='lat' dir='ltr'>presso</span> 
     </span>
     <span class='ocr_line' id='line_1_40' title="bbox 450 4402 1625 4480; baseline 0.005 -24"><span class='ocrx_word' id='word_1_361' title='bbox 450 4402 589 4474; x_wconf 85' lang='lat' dir='ltr'>Perugia.</span> <span class='ocrx_word' id='word_1_362' title='bbox 609 4434 641 4448; x_wconf 89' lang='lat'>-</span> <span class='ocrx_word' id='word_1_363' title='bbox 661 4402 720 4458; x_wconf 90' lang='lat' dir='ltr'>Per</span> <span class='ocrx_word' id='word_1_364' title='bbox 738 4405 756 4456; x_wconf 88' lang='lat' dir='ltr'>l&#39;</span> <span class='ocrx_word' id='word_1_365' title='bbox 770 4405 943 4477; x_wconf 83' lang='lat' dir='ltr'>etimologia</span> <span class='ocrx_word' id='word_1_366' title='bbox 962 4403 992 4462; x_wconf 86' lang='lat' dir='ltr'>di</span> <span class='ocrx_word' id='word_1_367' title='bbox 1012 4405 1249 4462; x_wconf 86' lang='lat' dir='ltr'>Montemorciuo</span> <span class='ocrx_word' id='word_1_368' title='bbox 1269 4407 1335 4462; x_wconf 76' lang='lat' dir='ltr'>vetii</span> <span class='ocrx_word' id='word_1_369' title='bbox 1355 4409 1424 4480; x_wconf 84' lang='lat' dir='ltr'>quel</span> <span class='ocrx_word' id='word_1_370' title='bbox 1442 4407 1496 4464; x_wconf 90' lang='lat' dir='ltr'>che</span> <span class='ocrx_word' id='word_1_371' title='bbox 1514 4408 1540 4465; x_wconf 86' lang='lat' dir='ltr'>si</span> <span class='ocrx_word' id='word_1_372' title='bbox 1565 4423 1625 4460; x_wconf 91' lang='lat' dir='ltr'>cre·</span> 
     </span>
    </p>
   </div>
   <div class='ocr_carea' id='block_1_4' title="bbox 450 4493 1625 4656">
    <p class='ocr_par' dir='ltr' id='par_1_7' title="bbox 450 4493 1625 4656">
     <span class='ocr_line' id='line_1_41' title="bbox 450 4493 1625 4569; baseline -0.003 -17"><span class='ocrx_word' id='word_1_373' title='bbox 450 4495 525 4552; x_wconf 87' lang='lat' dir='ltr'>deva</span> <span class='ocrx_word' id='word_1_374' title='bbox 544 4511 561 4546; x_wconf 90' lang='lat' dir='ltr'>a</span> <span class='ocrx_word' id='word_1_375' title='bbox 580 4500 680 4564; x_wconf 85' lang='lat' dir='ltr'>tempo</span> <span class='ocrx_word' id='word_1_376' title='bbox 700 4493 777 4550; x_wconf 88' lang='lat' dir='ltr'>delio</span> <span class='ocrx_word' id='word_1_377' title='bbox 797 4503 895 4552; x_wconf 86' lang='lat' dir='ltr'>stesso</span> <span class='ocrx_word' id='word_1_378' title='bbox 914 4496 1130 4552; x_wconf 78' lang='lat' dir='ltr'>Lsuosuoorrr</span> <span class='ocrx_word' id='word_1_379' title='bbox 1150 4498 1189 4569; x_wconf 86' lang='lat' dir='ltr'>(il</span> <span class='ocrx_word' id='word_1_380' title='bbox 1202 4498 1349 4554; x_wconf 80' lang='lat' dir='ltr'>Mercurio</span> <span class='ocrx_word' id='word_1_381' title='bbox 1364 4498 1519 4566; x_wconf 82' lang='lat' dir='ltr'>Olivetarw,</span> <span class='ocrx_word' id='word_1_382' title='bbox 1534 4496 1625 4554; x_wconf 89' lang='lat' dir='ltr'>Peru·</span> 
     </span>
     <span class='ocr_line' id='line_1_42' title="bbox 450 4584 944 4656; baseline 0.006 -21"><span class='ocrx_word' id='word_1_383' title='bbox 450 4585 509 4654; x_wconf 76' lang='lat' dir='ltr'>gra,</span> <span class='ocrx_word' id='word_1_384' title='bbox 529 4584 563 4636; x_wconf 85' lang='lat' dir='ltr'>A.</span> <span class='ocrx_word' id='word_1_385' title='bbox 583 4584 707 4653; x_wconf 71' lang='lat' dir='ltr'>sarton,</span> <span class='ocrx_word' id='word_1_386' title='bbox 728 4584 804 4652; x_wconf 79' lang='lat' dir='ltr'>reae,</span> <span class='ocrx_word' id='word_1_387' title='bbox 826 4604 851 4655; x_wconf 81' lang='lat' dir='ltr'>p.</span> <span class='ocrx_word' id='word_1_388' title='bbox 873 4585 944 4656; x_wconf 86' lang='lat'>158).</span> 
     </span>
    </p>
   </div>
   <div class='ocr_carea' id='block_1_5' title="bbox 1632 5536 1743 5546">
    <p class='ocr_par' dir='ltr' id='par_1_8' title="bbox 1632 5536 1743 5546">
     <span class='ocr_line' id='line_1_43' title="bbox 1632 5536 1743 5546; baseline 0.009 -1"><span class='ocrx_word' id='word_1_389' title='bbox 1632 5542 1634 5545; x_wconf 96' lang='lat'>.</span> <span class='ocrx_word' id='word_1_390' title='bbox 1641 5543 1646 5545; x_wconf 94' lang='lat'>.</span> <span class='ocrx_word' id='word_1_391' title='bbox 1690 5536 1743 5546; x_wconf 64' lang='grc' dir='ltr'>-ιι</span> 
     </span>
    </p>
   </div>
   <div class='ocr_carea' id='block_1_6' title="bbox 1744 5447 1757 5546">
    <p class='ocr_par' dir='ltr' id='par_1_9' title="bbox 1744 5367 1757 5546">
     <span class='ocr_line' id='line_1_44' title="bbox 1744 5447 1757 5546; baseline 0 -116"><span class='ocrx_word' id='word_1_392' title='bbox 1744 5447 1757 5546; x_wconf 36' lang='lat' dir='ltr'><em>J</em></span> 
     </span>
    </p>
   </div>
   <div class='ocr_carea' id='block_1_7' title="bbox 0 0 1802 5572">
    <p class='ocr_par' dir='ltr' id='par_1_10' title="bbox 0 0 1802 5572">
     <span class='ocr_line' id='line_1_45' title="bbox 0 0 1802 5572; baseline 0 0"><span class='ocrx_word' id='word_1_393' title='bbox 0 0 1802 5572; x_wconf 95' lang='lat' dir='ltr'> </span> 
     </span>
    </p>
   </div>
  </div>
 </body>
</html>
