3642 5510
611 559 755 622 Antonii
774 535 987 632 Boroeosta'
1233 565 1316 614 mm

235 669 389 681 ———

236 762 278 822 et
305 757 422 844 quales
444 754 581 838 fuerint,
606 753 787 840 qualesque
809 751 879 818 sint
912 751 950 816 in
976 718 1135 833 moribus,
1160 746 1317 836 quamvis

238 873 398 938 multum
420 869 757 958 degeneraverint'ab
773 867 923 954 antiquis
931 865 1107 954 patribus,
1124 887 1237 932 meum
1252 863 1318 931 tibi

238 1009 432 1076 parumper
453 985 592 1052 desudet
612 984 831 1071 ingenium.»
1031 974 1035 981 ’

294 1103 333 1169 Si
354 1125 494 1190 quaeras
517 1125 538 1168 a
559 1125 623 1186 me,
647 1123 714 1188 quo
736 1101 835 1168 modo
851 1122 871 1166 a
886 1105 1011 1182 nostro,
1028 1097 1179 1164 Historia
1199 1096 1318 1164 Tusco·

240 1241 327 1286 rum
349 1217 482 1306 agatur,
505 1239 639 1306 repono,
663 1217 754 1304 quod
775 1216 847 1304 ipse
869 1237 929 1304 per
951 1236 1084 1281 summa
1102 1212 1224 1300 capita,
1247 1241 1262 1272 ι
1276 1212 1318 1278 de
1431 1275 1433 1280 ,
1474 1208 1477 1218 ’

242 1334 346 1419 lida,
370 1355 457 1422 quae
471 1337 523 1400 est
536 1332 712 1422 provincia
733 1332 769 1398 in
793 1331 877 1398 Aria
898 1330 1053 1398 minori»
1074 1329 1240 1416 originem
1262 1350 1318 1417 po

242 1451 333 1538 puli,
344 1449 520 1516 Etruriam
534 1449 653 1516 deinde
663 1447 850 1532 incolentis,
866 1446 969 1531 ducit,
980 1446 1075 1513 cuius
1090 1467 1142 1512 res
1154 1451 1266 1532 gestas
1281 1447 1317 1511 et

245 1566 424 1633 retroactis
446 1564 654 1652 temporibus
676 1564 852 1652 mediaque
874 1568 993 1646 aetate,
1017 1555 1113 1631 brevi
1135 1561 1316 1628 admodum

248 1703 403 1748 sermone
425 1703 581 1747 enarrare
603 1685 754 1748 conatur.

296 1796 370 1876 Quo
393 1802 552 1884 tempore,
577 1819 686 1884 quove
708 1797 780 1863 loco
802 1802 919 1862 auctor
941 1795 1023 1861 haec
1045 1793 1187 1861 seribere
1209 1815 1318 1880 agree·
1346 1796 1440 1878 tium
1456 1808 1508 1840 ⁰⁰²¹·

251 1935 308 1978 sus
323 1912 378 1996 sit,
394 1911 498 1978 habes
512 1912 556 1978 ab
570 1911 653 1998 ipso.
672 1941 688 1971 ι
699 1911 747 1977 Et
760 1911 826 1977 ista
841 1910 1075 1998 descripsimus
1090 1910 1128 1976 in
1142 1908 1318 1997 provincia
1345 1871 1435 1922 'W'

252 2028 293 2094 de
308 2027 488 2113 Flaminia,
504 2027 542 2093 in
564 2049 647 2114 agro
668 2026 887 2110 Ariminensi,
903 2031 1021 2093 contra
1043 2025 1259 2110 Dalmatiam,
1280 2025 1318 2092 in

253 2149 367 2210 monte
393 2143 454 2230 qui
474 2143 598 2210 dieitur
619 2142 743 2227 Scolon,
767 2143 849 2209 dum
871 2141 920 2208 ibi
942 2164 1090 2209 morarer
1115 2164 1215 2209 causa
1241 2139 1319 2209 visi-

253 2259 440 2324 landinum
456 2259 579 2326 abbate
593 2264 709 2326 nostro
724 2258 883 2346 generali,
901 2269 991 2325 anno
1006 2245 1199 2325 salutiferae
1213 2257 1319 2324 incar·

144 2441 152 2458 ‚
254 2373 402 2440 nationis
423 2374 552 2441 domini
575 2374 682 2442 nostri
704 2375 788 2442 Jesu
811 2373 946 2458 Christi,
960 2373 1147 2441 millesimo
1162 2372 1319 2461 quadrin-

253 2488 439 2575 gentesimo
470 2489 553 2554 ΧΗ)
574 2512 674 2574 nono,
702 2489 826 2576 ydibus
855 2489 1053 2576 septembris
1069 2519 1083 2548 ι
1105 2490 1161 2574 (1).
1185 2489 1228 2554 111
1251 2488 1319 2554 fine

253 2610 366 2670 autem
389 2603 490 2692 hujus
512 2605 680 2689 historiae,
704 2604 835 2672 Auctor
856 2605 1063 2672 mentionem
1085 2603 1167 2671 facit
1188 2605 1230 2670 de
1253 2603 1319 2670 alia

253 2720 361 2808 opella
375 2719 413 2785 in
427 2720 518 2788 votis
531 2720 652 2805 fienda,
668 2719 800 2787 dicens:
824 2749 838 2780 α
854 2719 891 2786 Si
905 2720 1072 2787 Dominus
1086 2705 1216 2787 dederit
1237 2725 1319 2785 tem-

253 2857 326 2921 pus,
349 2836 405 2902 vel
428 2835 547 2920 otium,
570 2835 716 2922 reliquos
737 2835 895 2913 illustres,
919 2842 953 2902 ct
976 2837 1018 2902 de
1032 2836 1207 2902 Florentia
1229 2841 1264 2901 et
1278 2836 1319 2901 de

254 2955 327 3016 tota
348 2949 479 3034 Tuscia,
503 2951 625 3037 [uiros]¹
640 2950 797 3036 dicemus,
821 2957 855 3017 et
877 2951 914 3017 in
937 2951 1030 3018 omni
1051 2950 1222 3036 facultate,
1239 2951 1320 3038 quia

254 3063 355 3130 multi
377 3071 460 3131 sunt
476 3095 491 3124 s
512 3067 568 3150 (2).
586 3065 681 3145 Quod
707 3066 795 3134 forte
810 3087 904 3154 opus,
920 3065 1030 3152 magis
1045 3067 1200 3154 placeret,
1217 3089 1319 3154 quam

256 3179 396 3266 antiqua
407 3179 546 3248 Tusciae
556 3181 810 3266 historiuncula,
826 3183 868 3248 de
883 3205 950 3270 qua
965 3182 1161 3249 memoriam
1169 3181 1318 3249 fecimus.

298 3294 399 3360 Nunc
420 3301 535 3364 autem
556 3296 594 3363 in
615 3325 630 3356 ι
645 3296 834 3365 Chronicon
849 3327 865 3358 »
885 3317 1038 3384 gressum
1059 3297 1167 3365 facere
1188 3299 1280 3366 libet.
1304 3315 1312 3324 ·

298 3411 397 3480 XIV.
411 3451 456 3462 -
470 3411 525 3480 Ex
546 3407 686 3500 prologo
706 3413 744 3479 in
765 3442 781 3472 ι
796 3412 986 3480 chronicon
1001 3443 1032 3498 »,
1048 3415 1122 3480 luce
1135 3414 1321 3482 meridiana
1345 3439 1359 3463 ⁴
1421 3426 1444 3471 111
1471 3439 1509 3470 n·-

256 3527 377 3595 elarius
398 3533 504 3616 patet,
520 3527 726 3615 Bargensem
741 3529 766 3596 J
766 3528 893 3596 ohanni
915 3529 956 3596 de
970 3529 1109 3596 Maroha
1123 3529 1222 3598 Nova
1236 3551 1321 3618 opus

290 3774 332 3847 (1)
349 3775 395 3832 De
407 3774 593 3832 monasterio
611 3782 718 3833 nostro
731 3776 921 3834 Ariminensi
933 3775 973 3833 ot.
988 3777 1224 3849 Lancnmorrr,
1239 3777 1318 3832 Eiet.

261 3863 347 3934 otta,
367 3863 410 3935 H,
431 3864 557 3920 les-205.
866 3879 868 3884 '

291 3951 332 4023 (2)
351 3972 366 4007 ‹
381 3951 510 4008 Tusciae
522 3951 653 4010 historia
665 3972 680 4007 ›
693 3953 867 4026 Bargensis,
882 3955 929 4010 XI
940 3954 1026 4012 foliis
1038 3953 1210 4012 chartaceis
1223 3954 1322 4010 nostri

256 4037 379 4111 codicis,
398 4041 587 4098 continetur.
1000 4045 1003 4052 ’

290 4127 339 4182 Iix
357 4127 452 4184 titulo
465 4127 561 4186 huius
574 4129 675 4202 operis
693 4130 826 4188 fortasse
839 4131 936 4204 aliqui
949 4130 1069 4203 decepti
1081 4131 1132 4202 (ef.
1147 4131 1318 4202 Boosoura,
1366 4119 1375 4138 ⁰

259 4213 391 4272 Otroaol.
406 4217 506 4289 Brea,
522 4236 550 4290 p.
565 4220 602 4290 43
617 4217 762 4291 Triones,
776 4218 881 4276 L’Aoo.
896 4222 930 4276 de
944 4220 1039 4276 Mont·
1045 4219 1203 4292 olivet-M,
1217 4237 1248 4292 p.
1262 4219 1319 4294 83),

256 4301 441 4375 Bergensem
463 4310 496 4361 et
519 4305 688 4362 ‹Russias
711 4306 972 4380 Geographiam»
997 4307 1155 4381 scripsisse
1180 4307 1319 4362 tradunt.

255 4391 352 4448 Immo
365 4391 429 4466 ip'se
443 4392 587 4465 Tironis,
602 4400 634 4450 et
646 4395 769 4451 Rosciae
792 4395 1006 4470 Geoqrapliom
1025 4402 1057 4453 et
1069 4397 1185 4452 librum
1198 4395 1244 4450 De
1256 4395 1321 4450 Mo·

256 4482 430 4554 oneratione,
448 4483 532 4556 typis
547 4483 611 4556 jam
631 4483 787 4557 impressa,
807 4501 981 4542 asseverare
1000 4501 1062 4540 non
1080 4484 1212 4540 dubitat.
