3646 5520
502 514 541 574 44
861 511 1004 574 Aatoall
1023 513 1212 586 Baroaasts
1335 495 1336 500 ’

1511 623 1566 632 a·—

502 706 553 770 est
571 707 648 770 aute
669 705 839 770 introitum
860 705 955 784 podii,
976 704 1151 784 antequem
1167 699 1171 786 Ι
1189 703 1343 770 veniatur
1356 705 1397 770 ad
1410 706 1569 770 monaste·

502 813 599 888 rium,
618 812 655 876 et
672 813 818 878 oonstrui
839 811 917 878 feeit
936 827 996 892 pro
1016 811 1159 876 maxima
1178 813 1272 890 parte
1287 810 1345 892 (1).

982 1059 1090 1122 XIX.

428 1295 433 1306 ·
545 1264 695 1327 Deoimus
713 1277 820 1325 nonus
846 1261 944 1324 abbas
965 1261 1028 1324 luit
1048 1261 1153 1324 trater
1173 1260 1325 1324 Metdeus
1351 1262 1488 1324 Laudini
1508 1261 1568 1343 del
1637 1263 1639 1266 ’

362 1351 436 1453 ’,ῃῗξ
506 1370 614 1444 Prato,
635 1368 669 1434 et
688 1368 819 1432 duravit
839 1369 933 1430 annis
953 1367 1069 1441 tribus,
1090 1367 1230 1430 seeundo
1250 1367 1374 1431 elautus
1389 1365 1446 1448 (9).
1467 1370 1570 1430 Huius

362 1493 386 1524 a
411 1484 458 1527 nl·
505 1477 652 1555 tempore
671 1475 819 1538 habitum
835 1473 839 1557 (
855 1476 907 1538 est
930 1475 1163 1538 monasterium
1190 1475 1308 1538 Sancte
1332 1474 1508 1538 catherine
1531 1477 1571 1537 de

466 1585 472 1599 '
506 1584 677 1656 Fabriano,
691 1573 775 1645 idest
787 1597 873 1646 anuo
887 1581 1006 1644 domini
1029 1583 1115 1643 1398.
1137 1581 1224 1650 Quod
1242 1579 1246 1661 (
1263 1581 1370 1643 ordini
1390 1581 1502 1645 nostro
1515 1598 1569 1644 ve·

507 1667 661 1752 morabilis
675 1689 770 1768 pater
783 1687 887 1752 freter
897 1688 1063 1752 iohannes
1076 1689 1116 1751 de
1126 1687 1297 1762 Hadriano,
1308 1687 1398 1766 prior
1411 1686 1415 1768 Ι
1428 1688 1572 1752 eiusdem

508 1795 695 1860 monasterii
708 1795 842 1858 tradidit
855 1795 889 1859 et
902 1811 1014 1860 omnes
1034 1795 1210 1860 monachos
1224 1810 1298 1858 suos
1313 1810 1379 1858 una
1393 1809 1502 1858 seeum
1514 1794 1571 1874 (3).

998 2053 1081 2116 XX.

425 2307 470 2351 m
548 2257 731 2336 vigesimus
751 2256 849 2318 abbas
863 2255 933 2318 *fuit
952 2255 1057 2318 freter
1077 2254 1226 2334 Ypolitus
1246 2255 1286 2316 de
1307 2254 1496 2328 Mediolano,
1517 2257 1574 2334 qui

402 2380 456 2422 aa
509 2379 618 2442 supra,
635 2361 639 2443 Ι
656 2363 795 2426 seeundo
822 2363 944 2425 electus
969 2362 1029 2435 est,
1059 2362 1092 2424 et
1118 2361 1249 2424 duravit
1274 2361 1369 2422 annis
1395 2361 1527 2442 tribus(
1548 2361 1575 2442 ).

364 2462 441 2494 ”⁰³⁸⁵
509 2470 569 2532 Hie
599 2470 684 2548 oepit
717 2467 847 2548 [h]editi
868 2467 872 2549 Ι
894 2485 970 2531 care
998 2469 1166 2532 ecelesiam
1199 2483 1364 2548 magnam,
1392 2483 1455 2546 que
1485 2485 1575 2531 nuno

330 2520 475 2578 (issemus).
501 2546 504 2554 ,

387 2663 391 2668 Ι
509 2576 603 2639 extat
629 2577 663 2637 in
691 2575 888 2638 Monasterio
910 2575 1077 2654 principali
1092 2574 1149 2654 (5).
1170 2574 1230 2636 Hic
1255 2574 1327 2653 post
1347 2575 1486 2638 officium
1502 2573 1506 2655 l
1523 2577 1574 2637 sui

509 2683 691 2746 abbatiatus
704 2683 738 2744 at
751 2682 848 2745 etiam
862 2681 954 2760 prius
974 2681 1149 2744 substinuit
1168 2679 1287 2742 multas
1300 2682 1556 2759 persecutiones„
1568 2681 1573 2763 )

413 2781 415 2786 ’
512 2789 620 2850 multis
640 2790 740 2852 modis
754 2789 969 2868 ab'eliquibus
984 2804 1026 2851 ex
1040 2788 1185 2866 patribus
1207 2787 1337 2848 ordinis.
1352 2787 1402 2848 lta
1415 2787 1452 2850 ut
1464 2788 1550 2851 tedio
1567 2787 1571 2870 (

510 2895 655 2970 affectus,
676 2912 715 2958 aa
735 2895 1002 2974 pusillanimitate
1021 2895 1128 2956 victus
1149 2893 1358 2955 transtulerit
1371 2909 1406 2955 se
1419 2894 1459 2956 ad
1480 2895 1549 2956 ordi
1566 2894 1570 2975 )

510 3019 585 3065 nem
605 3002 869 3065 cartusiensium.
884 3003 939 3063 Set
953 3002 1124 3080 prudentie
1142 3000 1343 3080 quorundam
1358 3000 1487 3078 patrum
1500 3017 1575 3078 pre-

510 3109 623 3174 sertim
645 3110 758 3172 fratris
775 3108 778 3188 Ι
795 3109 989 3172 Laurentini
1009 3109 1049 3172 de
1068 3108 1181 3171 Aretio
1201 3122 1356 3170 reversus
1376 3106 1426 3168 est
1439 3107 1479 3168 ad
1499 3107 1573 3168 rell-

510 3217 642 3294 gionem
653 3215 712 3295 (a),
727 3216 900 3294 antequam
915 3215 1062 3278 habitum
1079 3213 1083 3295 Ι
1099 3214 1186 3276 illius
1200 3213 1322 3276 ordinis
1336 3213 1499 3291 reciperet
1514 3212 1572 3292 (6).

558 3553 577 3588 a
607 3533 696 3590 Text.
717 3533 760 3587 B:
780 3533 827 3588 Ad
846 3533 973 3588 ordinem
991 3537 1127 3587 nostrum.
1226 3533 1230 3539 '

548 3536 587 3608 t)

546 3676 586 3749 (l)
605 3675 1035 3746 Of.Lsuouuuorr1‚op.eil.‚
1054 3674 1080 3745 Ι,
1100 3673 1151 3745 99)
1167 3672 1309 3743 deorsus,
1330 3689 1375 3744 op.
1389 3671 1448 3742 oia,
1463 3688 1492 3742 p.
1513 3669 1573 3726 105.
1632 3647 1637 3656 ¹

548 3766 587 3838 (2)
607 3765 634 3819 A
653 3763 724 3820 Kal.
745 3762 818 3818 maii
837 3764 906 3818 1396
926 3763 964 3818 ad
982 3763 1053 3818 Kal.
1071 3761 1166 3818 maias
1185 3762 1265 3840 1399.
1498 3815 1503 3828 ,

544 3853 588 3925 ,(3)
607 3855 654 3908 of.
681 3853 916 3922 Leuouunorun
943 3869 988 3923 op.
1013 3852 1074 3923 rit,
1100 3851 1125 3921 Ι,
1151 3850 1205 3922 543
1232 3849 1274 3921 H,
1301 3849 1372 3920 1753
1397 3849 1573 3904 usumin.

506 3940 603 4020 Tan,
624 3940 665 4011 ΙΙ,
685 3958 733 3996 an.
755 3940 834 4010 1398,
855 3958 884 4011 p.
906 3941 957 3995 51¹.

547 4031 588 4103 (d)
607 4030 635 4084 A
653 4028 802 4085 Kalendis
820 4029 893 4086 maii
912 4029 981 4085 1999
1000 4029 1038 4085 sd
1050 4029 1121 4086 Kal.
1133 4027 1228 4086 maies
1241 4025 1321 4082 1402.
1336 4025 1382 4082 ef.
1396 4025 1571 4081 Funeratus.

512 4117 777 4190 Uffiffinffl.
1527 4118 1529 4121 ’

496 4253 499 4256 .
549 4207 587 4278 (5)
607 4204 1037 4278 Ot.Lnuonnuorr1,op.cil.,
1056 4205 1081 4277 Ι,
1103 4207 1151 4276 94;
1167 4205 1310 4270 (linones,
1330 4219 1374 4274 op.
1388 4201 1445 4272 eit,
1466 4218 1495 4273 p.
1510 4200 1572 4254 111.

524 4317 525 4321 ¹
550 4295 589 4369 (6)
608 4294 742 4350 Additur
760 4295 793 4350 in
816 4295 924 4368 (coron.
947 4293 1069 4350 Cenaeo.
1088 4294 1241 4366 (f01.21’):
1263 4291 1380 4347 «Anno
1400 4287 1575 4346 abbatiatus

513 4383 564 4439 sui
582 4383 716 4440 seeundo
735 4382 815 4440 idest
834 4383 998 4440 Millesimo
1018 4383 1145 4440 000οΜ
1162 4399 1252 4455 anuo,
1271 4379 1492 4438 monasterium
1505 4377 1578 4442 Sauff
