3642 5510
492 561 541 610 xn
940 551 1114 624 Praefatio

490 765 558 828 rus,
582 743 725 830 scripsit,
748 743 938 830 nostrisque
960 743 1064 812 immo
1086 745 1204 814 diebus
1227 746 1337 814 adhuc
1354 747 1396 814 de
1417 747 1558 816 historia

491 859 661 929 olivetana
676 881 808 926 summa
822 881 899 926 cum
914 859 1013 926 laude
1027 860 1171 928 scribere
1192 868 1353 946 conatur3
1378 861 1434 930 sad
1451 885 1557 951 quum

489 975 561 1064 ipse
583 981 708 1060 auctor,
731 975 768 1042 in
790 975 930 1042 Gallicis
958 976 1083 1062 degens
1109 977 1313 1064 ragionibus,
1336 977 1474 1046 Italiam
1488 978 1557 1046 fere

489 1113 676 1178 numquam
698 1091 903 1180 perlustrare
927 1091 1044 1180 possit,
1067 1092 1138 1160 eius
1160 1093 1296 1160 demum
1326 1093 1468 1162 historia
1488 1117 1557 1164 mo·

488 1212 739 1292 numentorum,
762 1206 800 1274 in
822 1206 950 1274 Italicis
980 1207 1158 1276 tabulariis
1188 1207 1379 1295 latentium,
1407 1209 1554 1278 subsidio

487 1330 598 1392 careat
620 1327 753 1412 oportet
769 1323 827 1412 (1).
852 1322 949 1404 Quod
971 1328 1086 1391 tamen
1108 1346 1179 1392 non
1200 1324 1354 1410 iniuriae,
1382 1325 1439 1394 sed
1466 1326 1555 1395 tanti

488 1441 554 1510 viri
579 1439 700 1508 honori
729 1439 858 1508 dictum
888 1439 991 1507 velim
1003 1462 1011 1524 ;
1043 1440 1112 1528 qui,
1135 1441 1244 1509 veluti
1272 1441 1380 1508 ferrea
1409 1423 1554 1509 donatus

486 1557 674 1642 voluntate,
709 1555 815 1622 ardua
850 1577 1011 1643 quaeque,
1047 1556 1237 1624 obedientia
1271 1556 1387 1643 fretus,
1422 1557 1553 1624 lubenti

486 1671 583 1740 corde
605 1671 746 1760 aggredi
768 1693 838 1738 non
860 1670 1029 1738 formidat.

509 1789 693 1881 'Nostrum
715 1809 795 1875 ergo
824 1787 899 1872 erit,
923 1787 982 1874 qui
1011 1786 1102 1854 inter
1124 1785 1295 1854 Ausoniae
1324 1787 1418 1874 fines,
1442 1789 1551 1856 sedam

484 1905 656 1989 habemus,
680 1903 833 1971 omnium
858 1903 1039 1971 civitatum
1068 1904 1273 1991 perlustrare
1302 1905 1480 1989 tabularia,
1503 1928 1552 1972 ar·

483 2021 583 2089 chiva
616 2027 650 2088 et
680 2019 909 2105 bibliothecas,
944 2041 986 2085 ex
1020 2019 1153 2106 quibus,
1184 2027 1404 2088 monumenta
1438 2020 1552 2088 omnia

482 2136 659 2204 historiam
682 2136 888 2205 olivetanam
903 2135 1120 2220 illustrantia,
1136 2136 1370 2224 depromenda,
1386 2143 1421 2203 et
1449 2167 1464 2196 «
1480 2135 1551 2225 Spi-

482 2252 601 2340 cilegio
635 2251 948 2321 Montolivetsnsi»
985 2252 1162 2319 inserenda
1196 2260 1306 2320 erunt.
1341 2252 1549 2320 Perarduum

482 2375 617 2436 sanast
640 2369 775 2435 difficile
802 2390 936 2453 munus,
968 2368 1093 2435 nostris
1123 2367 1226 2435 etiam
1256 2368 1405 2435 humeris
1428 2367 1547 2456 impar,

481 2485 547 2570 sed,
571 2485 735 2552 sodalium
761 2483 1006 2569 benevolentia,
1038 2484 1256 2572 virorumque
1286 2483 1412 2552 auxilio
1442 2483 1549 2550 erudi-

478 2607 592 2667 torum
614 2601 703 2686 freti,
728 2601 875 2668 libenter
897 2601 1111 2689 susceptum!

524 2717 624 2784 Nunc
647 2723 761 2784 autem
783 2741 822 2784 ea
845 2717 932 2784 ratio
955 2716 1063 2804 operis
1095 2738 1181 2804 quae
1203 2715 1312 2802 magis
1327 2720 1362 2782 at
1377 2716 1479 2803 longo
1493 2715 1547 2782 iti·

352 2915 354 2920 ,
478 2833 551 2900 neri
573 2833 687 2921 reique
713 2833 845 2901 tamdiu
874 2833 1080 2900 desideratae
1101 2838 1136 2898 et
1155 2832 1199 2899 ab
1221 2831 1360 2898 eruditis
1382 2831 1465 2899 viris
1487 2853 1546 2898 un-

477 2949 578 3036 dique
589 2955 776 3038 exoptatae,
789 2949 978 3035 conveniat,
992 2949 1172 3016 statuenda
1184 2953 1308 3015 manat.
1322 2947 1419 3027 Quod
1430 2953 1544 3014 tamen

475 3065 608 3132 facilius
629 3066 817 3154 clariusque
844 3065 1031 3154 exposituri
1058 3064 1300 3149 existimamus,
1324 3063 1353 3130 si
1381 3064 1543 3151 quaedam

475 3181 516 3247 de
540 3181 808 3270 Congregatione
830 3181 1016 3251 monastica
1030 3187 1066 3248 et
1080 3181 1122 3248 de
1136 3181 1207 3248 loco
1222 3179 1402 3268 praecipuo
1416 3179 1544 3248 Montis

476 3297 603 3368 Oliveti
623 3298 807 3387 praemissa
828 3297 966 3368 fuerint.
1553 3301 1555 3304 ’

978 3535 1037 3626 *³¹⁶*

516 3733 572 3800 Ex
594 3733 701 3801 nobili
723 3733 993 3800 Ptolomaeorum
1017 3753 1139 3819 genere
1161 3721 1264 3816 ortus,
1280 3731 1473 3798 Bernardus
1488 3729 1541 3797 Se-

472 3849 597 3933 nensis,
611 3850 648 3915 in
663 3850 793 3916 saeculo
816 3849 999 3934 lohannes,
1023 3871 1100 3916 eum
1123 3847 1233 3915 tribus
1255 3847 1433 3932 sodalibus,
1450 3868 1540 3914 anno

471 3965 602 4032 circiter
631 3963 853 4049 MOOOXIH,
877 3965 1098 4033 monasticam
1119 3964 1220 4052 coapit
1241 3986 1341 4051 agere
1362 3963 1481 4048 vitam,
1501 3962 1539 4028 in

504 4225 549 4296 (1)
563 4222 610 4279 cf.
624 4223 843 4294 Mannouaux,
858 4223 937 4279 hano
949 4223 1111 4280 historiam
1129 4222 1188 4278 sub
1201 4221 1298 4278 titulo
1318 4220 1435 4278 ‹Essai
1447 4219 1536 4276 d’his·

469 4311 549 4368 toire
574 4310 739 4368 olivetaina
759 4330 775 4366 a
798 4311 930 4367 scribere
949 4316 1126 4384 perseverat
1150 4309 1183 4366 in
1211 4314 1320 4366 nostra
1343 4307 1537 4380 ephemeride

468 4401 598 4456 Bodetia
616 4401 649 4456 dc
667 4401 707 4457 N.
727 4400 768 4455 D.
789 4402 823 4456 da
847 4401 876 4456 lo
895 4399 1171 4475 Sozbte-Eapdronoe
1196 4397 1536 4468 dMeaail·Soiat-Loop

468 4490 589 4561 (Auta):
608 4490 647 4545 cf.
669 4488 747 4545 XIX
766 4489 873 4563 anuto,
893 4507 923 4545 n.
945 4491 971 4561 2,
991 4487 1107 4546 ftvrier
1125 4487 1205 4560 1895,
1226 4504 1309 4559 seqq.
