3642 5510
561 581 751 643 Obrouioou
771 581 897 642 Montis
922 581 1038 642 oliveti
1292 581 1330 642 15

262 775 351 837 esset
377 773 514 838 ecelesia
528 772 586 854 (1).
607 773 650 836 At
677 774 741 847 iile,
763 775 801 836 ut
827 775 881 836 vir
909 789 1020 852 sagax,
1048 773 1188 837 libenter
1215 791 1255 838 ae
1282 773 1327 857 dt

262 879 380 942 deliter
404 880 591 958 adimplevit
612 879 819 958 preceptum:
840 879 874 942 et
893 875 1016 941 tamdiu
1045 881 1160 943 ibidem
1181 881 1328 942 moratus

261 985 322 1058 est,
338 983 525 1065 {quousque
545 985 614 1062 ipse
634 985 782 1046 menibus
803 985 872 1046 suis
891 984 925 1045 in
947 985 1165 1057 fundamento,
1186 985 1326 1062 primum

261 1089 371 1166 posuit
389 1089 451 1167 lapi
469 1088 473 1170 Ι
489 1091 561 1153 dem
579 1089 792 1151 benedictum.
807 1091 853 1150 Do
865 1088 957 1150 ouius
971 1087 1045 1151 fidei
1059 1089 1243 1150 testimonio
1257 1091 1327 1167 qui·

259 1195 334 1256 dam
356 1211 410 1258 ser
431 1194 481 1274 (a)
502 1195 697 1268 Guerdinus,
715 1193 719 1275 Ι
735 1194 883 1256 aretinus
912 1194 1069 1266 notarius,
1094 1195 1149 1273 qui
1177 1195 1325 1256 omuibus
1384 1261 1387 1266 ,

258 1299 325 1362 hiis
339 1301 498 1374 interfuit,
512 1301 652 1363 ooufecit
666 1297 933 1372 instrumentum,
950 1298 954 1380 Ι
971 1300 1062 1362 euius
1083 1301 1174 1378 oopiu
1194 1301 1234 1362 ad
1253 1317 1327 1378 pre·

258 1422 335 1468 sens
349 1407 517 1470 invenitur
527 1407 561 1466 in
572 1407 708 1485 quedam
719 1421 826 1484 eapse,
836 1405 890 1466 ubi
901 1421 1048 1484 reponun
1066 1403 1070 1486 Ι
1086 1407 1143 1467 tur
1152 1405 1325 1484 privilegia

259 1513 399 1575 Ordinis.
420 1516 488 1576 Heu
507 1528 588 1575 vero
608 1513 746 1575 eeclesia
765 1511 901 1574 fundata
921 1529 960 1573 ao
979 1512 1167 1574 oonstruete
1183 1509 1188 1592 Ι
1205 1512 1267 1574 fuit
1289 1513 1324 1574 in
1390 1531 1439 1576 ror.
1453 1535 1472 1576 4.

257 1622 339 1694 looo,
358 1621 402 1690 ub
422 1622 462 1683 ud
481 1637 615 1698 presens
644 1619 721 1682 sunt
745 1620 894 1696 sepulcra
914 1619 1066 1690 fratrum,
1087 1619 1241 1697 contigua
1262 1617 1320 1700 eol
1376 1639 1510 1684 uberem

256 1727 364 1800 elesie,
382 1725 386 1808 Ι
402 1743 465 1805 que
485 1743 574 1788 nune
592 1726 695 1798 extat,
717 1741 813 1804 quam
834 1741 893 1787 nos
914 1725 1016 1787 oeulis
1035 1725 1157 1788 nostris
1171 1727 1321 1798 vidimus,
1348 1709 1432 1828 ΙΙΙΙἪ
1451 1711 1509 1756 ⁰¹¹·

255 1835 333 1897 aute
349 1833 353 1915 Ι
370 1851 466 1913 quam
487 1833 715 1896 destrueretur
733 1833 881 1894 totaliter
895 1830 954 1912 (2).
976 1835 1071 1893 Nune
1091 1829 1194 1908 igitur
1215 1833 1320 1895 looum

256 1941 282 2002 si
305 1940 410 2018 piacet
430 1941 533 2002 deseri
551 1939 555 2021 Ι
571 1942 692 2002 bamus.
708 1939 766 2000 Est
779 1937 866 2001 enim
883 1939 977 2000 valde
993 1955 1192 2012 nemorosus,
1207 1941 1240 2001 et
1254 1955 1320 2001 ma·
1369 1958 1506 2004 Mandron-

255 2045 329 2124 gnis
349 2046 384 2106 in
404 2047 477 2124 giro
497 2046 546 2107 eir
562 2044 566 2126 Ι
583 2044 752 2107 oumdatus
769 2044 905 2122 rupibus
919 2058 957 2104 ec
970 2043 1156 2121 precipitiis,
1169 2043 1209 2106 ed
1223 2060 1319 2123 quem
1346 2031 1394 2142 ΙΙΙ
1411 2030 1506 2086 ‘mii'

254 2167 320 2212 non
341 2151 390 2211 est
411 2166 559 2212 accessus
577 2148 580 2230 Ι
597 2149 660 2210 nisi
687 2165 707 2210 a
733 2149 828 2226 parte
854 2147 1034 2224 superiori;
1059 2148 1135 2226 quia
1154 2149 1198 2209 ibi
1219 2149 1317 2211 situm

254 2259 304 2316 est
324 2256 489 2334 palatium,
510 2255 594 2334 quod
613 2254 705 2317 velut
721 2252 725 2334 Ι
742 2255 776 2314 in
797 2269 906 2315 ereum
921 2252 1071 2314 habetur.
1092 2255 1134 2314 Et
1154 2269 1249 2316 nemo
1263 2271 1318 2332 po·

252 2363 317 2426 test
337 2362 516 2439 predictum
536 2363 640 2423 locum
661 2361 799 2439 ingredi,
813 2361 876 2421 nisi
896 2360 973 2421 trun
990 2358 994 2440 Ι
1011 2359 1081 2422 seat
1101 2377 1160 2438 per
1180 2360 1244 2423 hoo
1261 2378 1316 2439 pa·

204 2543 212 2564 .
252 2461 385 2531 latium:
413 2470 448 2530 in
475 2485 538 2548 quo
564 2469 691 2547 quidem
717 2468 972 2546 promptuarium
1001 2469 1093 2530 extat
1120 2485 1186 2530 non
1214 2485 1315 2546 parve

287 2715 328 2791 (a)
348 2717 432 2774 Test.
453 2717 495 2772 B:
517 2717 729 2772 Remoramne.

251 2842 449 2898 ‹moneohns
467 2839 588 2896 abbatie
606 2841 642 2896 de
661 2841 761 2910 Sessn,
781 2857 864 2896 nuno
882 2839 915 2895 in
933 2838 1109 2896 cathedrali
1120 2843 1228 2896 nostru
1240 2821 1314 2895 resi-

249 2930 352 2986 dens>
371 2935 403 2986 et
421 2930 454 2985 in
466 2929 604 3001 margine
619 2929 722 2984 diaron.
741 2928 876 2999 Comoedi,
891 2928 928 2983 de
940 2929 1007 3000 ipso
1020 2928 1138 2999 legitur
1149 2929 1310 3000 seriptum,

248 3036 342 3074 manu
355 3018 490 3074 recenti:
506 3039 520 3073 ‹
532 3019 598 3084 Iste
611 3017 790 3089 monachus,
805 3022 871 3073 eret
884 3017 1020 3072 eiusdem
1033 3016 1168 3087 episcopi
1176 3011 1334 3072 vicarius'

247 3106 410 3178 generalis,
437 3106 486 3161 uti
510 3105 643 3162 hebetur
668 3123 706 3162 ex
729 3105 884 3178 scripture
908 3104 1089 3160 authentice
1112 3103 1145 3158 iu
1165 3103 1311 3161 Ambivio

247 3194 363 3251 Montis
382 3193 505 3250 Oliveti.
521 3213 546 3249 ›.
567 3195 635 3250 rol.
656 3196 683 3250 9.

280 3284 327 3339 Do
350 3282 417 3355 ipso
442 3288 474 3338 et
497 3283 534 3340 de
559 3283 628 3340 eliis
650 3282 884 3355 quaestionibus
911 3281 962 3337 hio
981 3281 1082 3337 obiter
1099 3281 1308 3354 pertrootetis,

245 3371 386 3428 eonferes
403 3371 495 3427 etium
505 3371 918 3442 errdonun1·OosrAnom,
929 3370 1057 3425 Annales
1069 3367 1307 3442 Oamodduleueee,

245 3457 283 3531 V,
303 3460 430 3516 306-310.

280 3549 320 3620 (1)
332 3548 514 3620 Episcopele
526 3548 661 3620 diploma
673 3548 755 3621 (Rep.
775 3548 861 3618 Olim,
876 3546 901 3618 1,
915 3546 981 3602 doe.
996 3547 1022 3619 Ι,
1037 3548 1065 3621 6)
1079 3551 1216 3602 testetur
1228 3546 1307 3602 hune

244 3637 462 3692 auetoritutem
487 3655 505 3692 a
528 3635 669 3692 Gnidone
694 3637 886 3692 commissum
911 3634 1113 3707 <presbitero
1138 3635 1304 3704 Restauro,
1398 3675 1403 3686 .

242 3723 360 3779 dudum
380 3725 538 3796 ospelluuo
558 3724 686 3781 eoolesie
704 3724 741 3779 de
761 3723 900 3794 Morello‚
920 3723 1003 3795 apud
1020 3722 1144 3779 domum
1162 3723 1317 3804 fraterni-¹

243 3811 318 3868 tetis
336 3817 441 3868 senete
460 3811 623 3868 Trinitatis
642 3811 678 3867 de
698 3812 804 3868 Aretio
823 3811 1025 3868 eommoreuti
1039 3830 1064 3866 r.

277 3900 316 3970 (2)
335 3899 401 3955 Iem
414 3899 478 3972 egit
490 3907 608 3967 suntor,
623 3905 655 3956 et
667 3917 723 3956 nos
735 3899 960 3971 adnotavimus,
972 3900 1105 3972 primum
1115 3898 1231 3956 Montio
1244 3899 1306 3954 Oli-

240 3987 306 4044 veti
333 3987 512 4060 oratorium,
531 3989 630 4045 fuisse
657 3989 685 4044 S.
706 3988 913 4044 Soholestioee
936 3988 1083 4059 dieetum,
1106 3987 1304 4064 quodetiam

240 4091 323 4131 nune
336 4093 412 4148 pene
425 4077 564 4133 dirutum
574 4077 774 4150 eonspioitur.
787 4079 877 4133 Nune
886 4093 959 4133 vero
973 4077 1115 4149 loquitur
1124 4077 1161 4132 de
1170 4075 1304 4133 seeundu

240 4168 377 4236 tempore
398 4165 535 4236 eoolosia,
555 4165 598 4220 ibi
619 4165 773 4222 eedifioeri
795 4170 894 4236 ooeptu
911 4165 969 4221 sub
996 4165 1157 4220 abbetietu
1178 4163 1304 4220 Petritii

239 4252 276 4308 de
294 4252 390 4324 Senis,
409 4271 488 4310 enno
506 4254 626 4310 scilieet
639 4255 765 4324 lule-20,
779 4253 1018 4326 primoquidem,
1032 4251 1085 4308 sed
1098 4252 1191 4308 etiem
1202 4253 1303 4324 pietu-

238 4339 281 4395 rie
299 4341 454 4398 aromata.
469 4343 567 4399 Reete
586 4343 754 4399 historiens
772 4347 887 4414 noster,
901 4341 937 4398 G.
953 4341 1086 4397 Thomas
1098 4341 1256 4412 (L'Abbuye
1268 4342 1301 4395 de

238 4427 571 4502 Most-Olivet-Mujeur,
589 4449 618 4503 p.
638 4431 712 4505 111),
732 4435 825 4506 putet
836 4430 934 4488 fuisse
946 4433 1156 4486 oonsbruotem
1170 4449 1185 4484 ‹
1199 4427 1301 4486 bl’en·
