3642 5510
412 553 416 562 ·
503 543 549 592 xn
861 531 908 592 De
934 529 1006 592 Vita
1024 529 1055 592 ct
1076 528 1217 603 mnata

323 1196 374 1250 Qua
384 1199 471 1244 ratione

336 1269 377 1313 hoo
391 1283 456 1326 opere

313 1339 407 1386 raum
420 1355 476 1386 usur

316 1411 353 1454 ait.

503 721 674 806 habentes,
703 721 944 788 adnumeratur
964 749 977 780 α
994 718 1037 790 fr.
1061 718 1234 786 Antonius
1259 719 1300 786 de
1326 719 1449 806 Berge,
1480 717 1594 806 prior

503 836 698 904 monasterii
720 835 926 924 neapolitani
942 865 957 894 »
978 837 1034 918 (1).
1051 834 1106 902 Ex
1128 857 1196 922 quo
1218 840 1323 923 patet,
1346 855 1437 902 anno
1472 833 1590 918 1447,

503 957 653 1040 tempore
675 951 965 1040 quadragesimali,
991 951 1196 1037 Burgensem
1211 951 1274 1018 hoc
1289 973 1374 1038 opus
1388 949 1588 1038 scripsisse,

502 1067 688 1155 Faccioque
709 1068 846 1135 misisse.

546 1183 623 1272 Ipse
638 1205 718 1252 vero
729 1183 1007 1250 Bartholomaeus
1018 1180 1168 1265 Paccius,
1180 1181 1223 1248 ad
1238 1203 1391 1248 normam
1407 1181 1450 1246 ab
1461 1180 1588 1246 Anto-

502 1298 559 1366 nio
581 1299 809 1386 indigitatam,
834 1298 959 1364 librum
983 1297 1089 1364 edidit
1121 1327 1136 1356 ι
1151 1297 1192 1362 de
1210 1297 1407 1364 excellentia
1423 1319 1461 1362 ac
1476 1319 1586 1383 prae·

501 1413 628 1481 stantia
651 1414 797 1481 hominis
820 1415 862 1480 ad
885 1413 1062 1480 Nicolaum
1084 1435 1208 1500 papam
1224 1413 1384 1500 quintum
1400 1411 1460 1499 (2);
1478 1410 1584 1498 quod

501 1551 581 1596 sane
603 1550 697 1618 opus,
721 1531 839 1596 saltem
854 1551 914 1616 per
928 1550 1061 1596 summa
1075 1529 1196 1616 capita,
1213 1529 1256 1594 ad
1271 1533 1419 1594 mentem
1434 1526 1582 1594 abbatis

500 1644 617 1730 nostri,
642 1643 808 1732 scriptum
827 1644 930 1710 fuisse
952 1643 1079 1730 liquido
1101 1649 1242 1712 constat.
1365 1705 1373 1711 .

545 1761 618 1826 Hoc
640 1760 731 1826 enim
747 1761 845 1828 modo
860 1759 997 1847 incipit:
1021 1789 1035 1818 α
1051 1760 1102 1824 De
1116 1758 1265 1826 hominis
1279 1758 1477 1826 excellentia
1491 1757 1579 1824 scri·

499 1875 577 1942 bere
599 1898 708 1962 nuper
736 1897 914 1962 eggressus
941 1897 1026 1958 sum,
1056 1873 1255 1942 Beatissimo
1288 1873 1399 1958 Pater,
1428 1874 1469 1940 de
1500 1895 1578 1959 qua

500 1990 636 2077 quidem
658 2013 694 2056 re
720 2013 910 2078 acceperam
940 1989 1178 2056 Innocentium
1206 1989 1365 2073 Fliscum,
1398 1988 1458 2076 qui
1485 1988 1576 2055 olim

499 2105 568 2172 fuit
589 2111 623 2172 et
645 2105 718 2192 ipse
740 2105 899 2172 Pontifex
921 2105 1100 2188 Maximus,
1125 2104 1239 2172 virum
1260 2105 1361 2192 plano
1383 2103 1575 2170 eruditissi-

486 2215 604 2304 'mum,
627 2220 665 2292 in
687 2242 725 2286 eo
748 2220 843 2304 libro,
867 2221 905 2286 in
921 2242 987 2306 quo
1010 2220 1176 2286 humanas
1198 2219 1348 2286 miserias
1370 2221 1573 2307 complexus

499 2342 559 2419 est,
583 2334 773 2422 pollicitum
795 2358 865 2402 esse
886 2358 956 2402 sese
979 2334 1198 2423 scripturum
1223 2335 1290 2419 sed,
1315 2335 1404 2421 quod
1425 2335 1573 2402 fortasse

499 2449 645 2534 accidere
668 2450 790 2537 potuit,
814 2450 1037 2518 Pontificatus
1059 2450 1205 2536 negotiis
1227 2449 1447 2538 impeditum,
1476 2449 1570 2536 quod

535 2751 574 2823 (1)
592 2745 767 2806 Baniurae.
788 2749 877 2819 Tra,
897 2747 938 2818 11,
958 2767 1006 2804 an.
1028 2749 1108 2818 1447,
1128 2767 1158 2821 p.
1178 2749 1241 2804 205.

535 2840 575 2914 (2)
594 2839 642 2894 Of.
662 2839 779 2894 Femur
803 2838 933 2907 sennar,
953 2836 999 2892 De
1016 2837 1142 2910 Regibus
1163 2837 1296 2892 Siciliae.
1316 2869 1349 2878 -
1371 2838 1447 2894 Aru.
1466 2837 1565 2894 δην.

499 2927 741 2997 Procouourunr,
761 2926 914 2981 Parallcla
931 2925 1091 2994 Affoaataa
1104 2925 1218 2997 quibus
1237 2925 1356 2982 accedit
1367 2925 1467 2981 Beer.
1482 2926 1567 2982 Baa-

498 3029 555 3087 011,
576 3015 715 3069 Liberae
733 3015 872 3070 humanae
891 3015 967 3070 oilae
980 3013 1130 3083 felicitate,
1147 3020 1176 3068 -et
1194 3013 1281 3069 Liber
1299 3015 1332 3070 da
1350 3014 1517 3068 cacalkats'o
1530 3031 1566 3067 aa

494 3104 678 3174 praestantia
695 3103 825 3173 bominis,
849 3101 1016 3173 Hancviae,
1037 3101 1132 3175 'Pypis
1150 3101 1368 3174 wechelianis,
1388 3102 1430 3157 M.
1451 3099 1563 3174 DOXI,

497 3209 527 3263 p.
548 3192 676 3247 149-168.

532 3280 570 3335 In
588 3279 646 3335 hac
664 3284 770 3334 autem
789 3278 933 3351 editione,
953 3277 1046 3334 Liber
1063 3278 1098 3334 Β.
1116 3279 1232 3338 Paean
1251 3279 1318 3335 ‹de
1330 3278 1515 3336 excellentia
1526 3295 1564 3335 ao

497 3366 686 3440 praestantia
703 3366 826 3422 Domini
846 3386 861 3420 o
880 3365 1063 3422 inscribitur
1089 3367 1128 3422 ed
1153 3367 1246 3424 Pium
1263 3367 1314 3440 113
1338 3367 1392 3423 sed
1410 3383 1506 3438 quum
1524 3367 1564 3422 de

494 3456 553 3510 hoc
577 3455 723 3527 opuscolo
748 3454 895 3511 memoria
922 3460 1034 3525 agatur
1061 3455 1093 3510 in
1121 3454 1183 3510 alio
1209 3455 1315 3511 libello
1344 3455 1483 3526 ejusdem
1508 3473 1563 3510 au·

497 3543 591 3598 cteris
610 3544 684 3598 ‹De
702 3542 778 3599 viris
796 3542 1016 3614 illustribus»,
1030 3542 1299 3613 quielocubratus
1318 3543 1355 3598 ab
1375 3559 1410 3598 eo
1428 3542 1492 3598 fuit
1509 3559 1564 3597 an·

495 3636 622 3702 tequam
643 3632 763 3688 Aeneas
786 3631 824 3686 ad
847 3630 1078 3687 cardinalatum
1099 3641 1226 3688 evectus
1249 3636 1341 3703 esset,
1362 3648 1418 3703 pro
1442 3631 1497 3686 Pio
1515 3631 1560 3701 H,

496 3718 643 3774 Nicolaus
660 3719 688 3774 V
707 3719 900 3791 reponendus
919 3725 976 3776 est.
998 3718 1088 3786 Quod
1105 3719 1167 3774 iem
1185 3714 1332 3776 innuerat
1350 3719 1395 3774 Ol.
1415 3720 1563 3776 Leonas-

495 3821 568 3863 ἨΠΒ
588 3807 713 3879 Munus,
736 3806 770 3862 in
788 3806 983 3863 Praefatione
1008 3807 1046 3864 sd
1068 3807 1211 3864 libellum
1235 3808 1316 3862 ‹Ds
1334 3806 1411 3865 viris
1428 3807 1563 3863 illustri-

495 3895 554 3950 bus
574 3914 589 3949 »
608 3894 652 3967 (in
671 3895 807 3966 Colonia,
826 3913 855 3968 p.
870 3911 944 3967 xxx,
965 3899 1107 3970 xxxvrr):
1129 3896 1212 3968 quod
1228 3895 1357 3968 insuper
1377 3913 1434 3952 nos
1454 3895 1562 3952 edocet

388 3981 389 3984 ’
495 3982 592 4065 etiam
607 3982 709 4038 Codex
726 3982 826 4038 Vatia.
847 3984 928 4055 3562,
949 3983 1040 4039 cuius
1059 3983 1246 4040 auctoritato
1265 3984 1366 4055 iratus
1380 3984 1425 4039 01.
1440 3985 1558 4040 Deum.

494 4071 669 4143 Gnoaarus,
689 4069 722 4127 in
742 4071 952 4128 eruditissima
975 4071 1190 4144 disquisitione
1216 4072 1296 4128 «Da
1315 4071 1436 4129 Nicolai
1457 4069 1560 4142 quinti

494 4159 584 4215 Pont.
613 4160 696 4214 Max.
726 4176 800 4230 arga
826 4159 949 4215 litteras
977 4165 1009 4215 et
1035 4160 1208 4218 Litteratos
1235 4159 1320 4216 viros
1347 4157 1518 4232 patrocinio
1542 4177 1559 4212 >

493 4249 573 4319 (pag.
595 4248 669 4322 199),
689 4245 734 4302 ait
752 4247 920 4320 Syntagma
938 4266 953 4303 ‹
973 4247 1010 4304 de
1027 4247 1162 4304 hominis
1181 4247 1395 4304 excellentia»
1414 4265 1432 4304 a
1450 4245 1557 4302 Barth.

408 4345 411 4354 ’
492 4333 603 4390 Paccio
622 4331 838 4391 elocubratum
858 4333 964 4407 fuisse,
985 4339 1079 4407 atque
1105 4333 1142 4391 ab
1168 4353 1203 4392 eo
1222 4331 1350 4392 Nicolao
1369 4333 1397 4390 V
1416 4331 1558 4390 Pontifici

493 4427 718 4495 nuncupatum.
