3642 5510
508 543 698 604 chronicon
717 541 843 602 Montis
869 539 984 600 oliveti
1237 537 1274 597 l7

211 733 299 796 runt.
317 735 434 813 Inque
454 751 527 798 cum
542 735 665 812 quanta
681 734 894 806 districtione,
908 734 1024 812 regula
1036 732 1041 814 Ι
1054 733 1100 796 ris
1114 733 1276 794 habeatur

211 842 429 915 observantia,
440 857 544 919 nsque
555 842 588 902 in
600 857 750 919 presens;
763 858 836 917 cum
847 842 1012 920 quantove
1026 840 1077 904 fer
1090 839 1094 920 Ι
1108 855 1187 902 vore
1201 839 1277 901 boni
1381 891 1384 895 .

211 945 421 1020 monachum
430 947 560 1025 fastigia
566 947 737 1020 virtutum,
745 947 920 1025 pervenire
927 963 1048 1009 curave
1062 945 1066 1026 Ι
1081 948 1156 1018 rint,
1164 947 1278 1008 noster

212 1069 347 1130 prorsus
359 1070 425 1116 non
437 1054 579 1132 explicat
592 1071 708 1117 sermo.
720 1054 769 1116 Ita
783 1069 923 1134 namque
937 1053 1033 1117 erant
1047 1054 1080 1135 in
1095 1053 1200 1115 oratio
1213 1051 1217 1134 Ι
1230 1054 1279 1114 ni·
1324 1105 1419 1149 mmm
1429 1117 1469 1160 pa·

214 1162 273 1222 bus
286 1160 417 1232 assidui,
427 1163 464 1223 ut
477 1161 551 1238 apte
564 1162 604 1224 de
618 1162 682 1224 illis
697 1162 797 1240 possit
811 1162 889 1224 dici:
903 1163 1064 1224 Invictum
1079 1163 1119 1223 ab
1132 1161 1280 1224 oratione
1306 1181 1366 1220 uum
1388 1189 1467 1220 mons-

216 1243 365 1346 spiritum
386 1283 451 1328 non
472 1269 677 1339 relaxabant,
699 1269 783 1330 sicut
810 1270 849 1330 de
876 1269 971 1331 beato
990 1269 1110 1331 dicitur
1130 1268 1281 1338 Martiae,
1306 1247 1378 1362 2¹32·
1391 1247 1467 1291 '⁸²³⁰

217 1375 292 1438 licet
306 1391 371 1438 non
388 1372 393 1456 Ι
410 1375 480 1451 pari
495 1374 609 1468 torma.
619 1375 697 1437 Post
710 1375 954 1452 completorium
965 1391 1025 1453 per
1035 1375 1174 1452 spatium
1185 1373 1282 1434 unius

217 1485 381 1544 miserere
397 1478 402 1561 Ι
417 1481 451 1542 et
468 1485 508 1544 de
517 1482 703 1556 profundis
717 1499 790 1544 cum
805 1482 953 1544 oratione
972 1483 1187 1558 Omnipotens
1201 1495 1284 1543 scm-

218 1589 348 1662 pttcnne
360 1591 460 1660 Dens,
476 1593 537 1662 out
549 1593 711 1650 otommtn
727 1587 731 1668 Ι
748 1593 941 1651 dominaris
955 1589 1016 1651 etc.
1030 1588 1064 1650 et
1077 1605 1216 1666 corpora
1226 1604 1284 1649 sua

220 1694 412 1758 uerberibus
437 1695 666 1765 macerabant;
692 1695 776 1773 quod
797 1695 830 1756 et
848 1672 884 1756 in
901 1693 905 1775 Ι
922 1695 1159 1772 presentiarum
1180 1695 1287 1756 obser·

220 1801 343 1864 rationi
363 1801 516 1863 traditur.
536 1800 712 1862 Duxerunt
725 1801 823 1863 etiam
838 1801 873 1861 in
886 1817 991 1874 usum,
1005 1803 1042 1862 ut
1055 1803 1113 1862 nul
1129 1799 1134 1881 Ι
1150 1803 1201 1862 lus
1215 1803 1287 1878 post

222 1906 447 1970 nocturnalem
461 1905 606 1983 synacin,
619 1906 674 1968 uel
689 1905 856 1981 paululum
871 1905 1078 1988 dormitarem
1095 1903 1100 1984 Ι
1116 1905 1171 1966 sed
1191 1922 1289 1967 unus

222 2010 358 2088 quisque
369 2009 426 2072 aut
436 2009 587 2082 orationi,
598 2010 656 2072 aut
666 2008 797 2071 lectioni
811 2009 957 2070 vacabat.
969 2009 1086 2070 insiste
1102 2007 1107 2089 Ι
1122 2009 1200 2072 bant
1211 2027 1289 2087 quo·

223 2131 293 2193 que,
314 2113 343 2175 si
364 2113 436 2191 quis
456 2112 519 2176 boc
540 2112 714 2191 indigebat,
735 2112 841 2174 studio
861 2113 1013 2176 discendi.
1027 2115 1158 2175 Summo
1178 2114 1287 2176 autem

224 2233 327 2288 mane,
352 2217 426 2294 post
449 2217 597 2294 primam,
622 2216 753 2278 missam
778 2217 987 2278 celebrabant
1002 2215 1072 2296 (o):
1100 2233 1164 2295 qua
1191 2218 1289 2280 missa
1357 2253 1358 2256 =

224 2318 397 2402 delmino,
426 2319 540 2382 devote
567 2319 784 2382 decantabant
810 2320 941 2382 tertiam
962 2321 996 2382 et
1016 2320 1152 2383 sextam.
1175 2322 1290 2400 Sioque

225 2423 384 2486 exeuntes
401 2422 405 2504 Ι
421 2424 463 2485 ad
482 2424 687 2498 exercitium,
708 2426 857 2488 manibus
878 2426 944 2486 suis
963 2427 1191 2504 operabantur,
1207 2429 1290 2506 quod

226 2529 272 2590 eis
293 2527 514 2590 necessarium
531 2526 535 2608 Ι
551 2527 633 2597 erat,
648 2545 750 2606 usque
771 2530 810 2590 ad
831 2545 959 2602 nonam,
973 2547 1046 2592 cum
1061 2531 1147 2592 omni
1163 2532 1291 2594 silentio

227 2639 259 2696 et
279 2633 475 2708 humilitate,
489 2636 610 2713 absque
624 2652 698 2697 mur
713 2634 718 2715 Ι
734 2652 836 2698 mure.
851 2639 878 2697 A
893 2636 1111 2698 fundamentis
1126 2637 1213 2698 enim
1228 2638 1293 2698 for·

229 2754 339 2800 nucem
351 2738 598 2811 edificaverunt,
608 2756 672 2817 que
688 2738 692 2819 Ι
709 2740 742 2802 et
752 2756 841 2802 nunc
851 2741 1029 2818 permanet.
1040 2743 1077 2801 ln
1088 2757 1153 2818 qua
1163 2741 1292 2814 lateres,

229 2842 353 2904 edificio
363 2844 574 2916 necessarios,
585 2859 623 2905 co
635 2842 640 2923 Ι
653 2845 811 2923 quebant3
825 2860 905 2922 quos
915 2843 1031 2906 cotidie
1042 2843 1159 2905 milites
1170 2844 1294 2906 Christi

230 2963 271 3009 ex
295 2963 336 3009 ea
359 2947 560 3019 extruentes,
580 2947 671 3009 velut
687 2945 691 3027 Ι
708 2964 826 3010 aurum
846 2949 881 3008 in
900 2948 1034 3010 fornace
1059 2947 1293 3010 humiliationis

230 3051 461 3129 probabantur.
471 3052 600 3116 Silentii
612 3068 693 3114 vero
709 3051 713 3132 Ι
730 3069 887 3116 summam
901 3051 948 3113 ita
960 3051 1169 3130 arripiebant,
1182 3053 1295 3116 utnon

232 3158 337 3220 solum,
348 3159 421 3236 post
434 3159 687 3237 completorium,
701 3159 837 3237 aliisque
853 3155 858 3238 Ι
874 3155 1044 3220 nocturnis
1057 3157 1156 3234 atque
1169 3157 1296 3220 diurnis

233 3263 333 3338 boris,
350 3265 466 3344 quibus
487 3265 579 3328 netas
599 3265 650 3328 est
669 3264 868 3342 infringere;
883 3261 888 3343 Ι
904 3279 1021 3326 verum
1039 3264 1137 3326 etiam
1152 3264 1186 3324 in
1200 3280 1297 3326 exer-

233 3369 308 3432 citio
334 3372 487 3444 manuali,
506 3371 542 3433 in
566 3370 748 3445 refectorio,
769 3371 804 3432 in
824 3371 897 3432 clau
913 3367 918 3450 Ι
934 3370 1013 3442 stro,
1033 3370 1067 3432 et
1086 3370 1297 3442 dormitorio;

234 3475 381 3538 omnibus
402 3476 554 3538 videlicet
574 3475 675 3550 horis,
695 3475 733 3536 ut
752 3475 858 3554 potius
879 3475 922 3538 he
938 3473 943 3556 Ι
959 3491 1079 3550 remus,
1093 3493 1190 3555 quam
1202 3492 1298 3539 cono·

233 3581 511 3654 binmuideretur.
523 3581 710 3678 Institutum
721 3582 822 3646 luisse
833 3582 1015 3660 reperimus
1031 3580 1048 3662 Ι,
1062 3583 1144 3662 quod
1159 3584 1187 3644 si
1201 3600 1297 3662 regu-

235 3689 338 3750 larem
365 3686 601 3749 taciturnitatis
627 3701 785 3760 normam,
813 3689 937 3750 violare
967 3689 1040 3767 quis
1066 3705 1166 3752 ausus
1182 3688 1186 3770 Ι
1201 3689 1300 3762 esset,

236 3794 348 3856 vinum
362 3793 397 3854 in
412 3793 467 3854 illo
480 3791 532 3854 die
545 3808 680 3870 prorsus
694 3809 759 3856 uon
773 3793 908 3858 biberet.
919 3797 1101 3874 Numquam
1116 3797 1156 3858 ad
1172 3794 1176 3877 Ι
1193 3793 1300 3878 su[m]·
1377 3783 1379 3788 ’

238 3913 324 3958 mum
334 3897 519 3976 pontificem
531 3897 797 3974 supplicationem
813 3898 1008 3974 habuerunt,
1018 3899 1113 3962 uteie
1124 3900 1158 3962 in
1169 3900 1276 3978 aliquo
1293 3896 1296 3977 Ι
1366 3921 1414 3964 ru.
1428 3922 1448 3964 s.

238 4003 490 4082 dispensaretur.
512 4003 629 4064 Nullus
650 3987 781 4066 omnino
801 4004 922 4082 aliquid
945 4021 1039 4068 suum
1059 4005 1168 4068 dicere
1189 4021 1300 4084 presu-

223 4126 290 4172 ·ms
305 4107 310 4190 Ι
326 4110 390 4182 bat,
417 4125 478 4172 nac
504 4109 633 4188 quidem
659 4125 747 4172 nunc
777 4111 955 4188 presumit;
983 4111 1039 4174 sed
1064 4110 1173 4174 omniu
1199 4109 1300 4180 nobis,

277 4369 317 4437 (α)
337 4365 428 4428 Text.
448 4367 491 4424 Bt
515 4365 670 4426 Uelabrum.
