3646 5520
490 539 532 602 20
850 545 993 608 Antonii
1011 547 1197 622 tiarnensis

490 733 574 797 Dein
589 732 594 815 Ι
609 735 649 798 de
661 735 862 802 eonstituere
872 737 1009 802 fratrem
1020 741 1222 804 Bernardnm
1233 757 1331 821 snpra
1341 745 1551 807 memoratum

490 839 647 912 abbatem,
668 843 724 921 qui
744 845 832 907 omni
847 843 853 926 Ι
868 861 956 908 anno
973 847 1199 924 renuntiando,
1212 849 1331 912 iterum
1351 851 1392 912 ad
1406 850 1551 912 ’eiusdem

489 946 673 1010 abbatiatus
699 949 832 1028 apioem,
858 953 1087 1016 assumebatur
1107 953 1165 1034 (1).
1182 955 1187 1036 Ι
1203 957 1293 1018 illias
1319 958 1428 1020 antem
1455 956 1551 1018 abbas

489 1053 672 1132 eligebatur
685 1071 705 1116 a
718 1055 859 1134 quatuor
878 1059 1070 1133 senioribus,
1083 1062 1139 1139 qni
1160 1063 1363 1125 vocabantur
1378 1061 1383 1143 Ι
1401 1063 1478 1124 socii
1498 1063 1551 1123 ab·

489 1160 581 1223 baiis.
603 1164 708 1227 lirant
727 1181 855 1244 quoqne
875 1165 931 1228 alii
951 1168 1092 1246 quatuor
1116 1169 1246 1242 iratres,
1266 1169 1418 1249 appellati
1442 1168 1551 1230 visita·

488 1265 597 1328 tores:
614 1265 618 1348 Ι
634 1269 690 1348 qui
710 1269 858 1332 ordinem
884 1271 987 1333 totum
1014 1273 1201 1348 visitabant,
1221 1275 1379 1339 babentes
1402 1291 1550 1354 magnam

488 1371 716 1436 anctoritatem
730 1377 770 1438 ab
784 1377 825 1438 ab
840 1375 846 1458 Ι
861 1377 945 1441 bate.
963 1383 1010 1442 Ae
1029 1382 1144 1444 deinde
1164 1383 1199 1444 in
1219 1384 1300 1446 urbe
1313 1399 1456 1456 romana,
1470 1384 1550 1444 bone

489 1481 644 1544 memorie
658 1499 738 1562 papa
752 1487 825 1546 Mar
841 1484 845 1566 Ι
861 1486 950 1549 tinus
963 1491 1122 1552 concessit
1134 1489 1181 1571 (2)
1199 1491 1408 1570 amonuitque
1421 1491 1550 1562 iratres,

488 1586 526 1647 nt
540 1585 658 1650 flerent
678 1605 737 1652 sex
757 1590 954 1665 visitatores,
971 1592 976 1674 Ι
992 1595 1047 1674 qui
1064 1595 1068 1676 Ι
1085 1595 1243 1658 durarent
1263 1597 1385 1658 duobus
1401 1597 1505 1669 annis,
1518 1597 1551 1658 et

488 1693 635 1767 absoluti,
650 1695 721 1757 aliis
735 1697 885 1760 ambobus
899 1699 1003 1772 anuis,
1016 1702 1175 1764 vacarent
1190 1701 1195 1783 Ι
1211 1703 1250 1763 ad
1271 1701 1386 1763 minus.
1405 1703 1550 1765 celebra·

488 1798 585 1860 batnr
598 1801 777 1879 antiquitus
795 1804 950 1880 generale
970 1806 1147 1884 capitulum
1167 1823 1277 1868 annua
1292 1805 1297 1888 Ι
1313 1807 1387 1868 tim:
1408 1808 1448 1868 ad
1468 1809 1551 1886 quod

488 1907 644 1983 pergebat
670 1909 804 1986 quilibet
830 1911 1017 1972 nostrorum
1045 1914 1317 1976 monasteriorum
1342 1915 1440 1992 prior,
1457 1913 1462 1995 Ι
1478 1931 1550 1976 oum

486 2011 609 2074 duobus
620 2015 669 2074 sui
681 2017 862 2078 conventus
872 2019 1021 2092 vocibus3
1034 2021 1068 2082 et
1081 2019 1145 2083 hen
1155 2033 1277 2094 norma,
1288 2025 1419 2084 centum
1430 2023 1531 2084 ierme
1543 2019 1548 2101 Ι

486 2121 591 2190 aunis,
605 2121 696 2184 stetit
709 2123 912 2186 inviolabilis.
924 2127 1019 2188 Nunc
1032 2127 1159 2190 demum
1174 2130 1267 2190 extat
1281 2129 1457 2200 decretum,
1468 2129 1550 2207 quod

487 2240 523 2284 so
539 2223 544 2304 Ι
561 2225 636 2298 lum,
650 2229 690 2290 de
703 2229 833 2292 biennio
847 2231 881 2292 in
896 2231 1073 2306 biennium,
1087 2235 1271 2298 celebretur
1292 2235 1412 2295 dietum
1429 2234 1549 2306 capitu·

486 2334 575 2406 lum;
601 2335 642 2395 ad
669 2337 752 2413 quod
768 2335 773 2417 Ι
791 2338 1029 2412 celebrandum,
1059 2341 1212 2418 properet
1242 2341 1376 2422 quilibet
1406 2341 1549 2419 prelatus

487 2440 592 2501 nostri
605 2441 739 2516 ordinis,
752 2458 824 2504 cum
842 2459 910 2505 una
928 2443 1058 2506 tautum
1075 2444 1080 2525 Ι
1097 2461 1185 2517 voce,
1199 2446 1232 2508 et
1246 2446 1330 2524 quod
1343 2445 1441 2508 abbas
1455 2445 1549 2507 duret

487 2551 627 2627 quatuor
640 2550 745 2623 annis,
757 2553 827 2628 post
838 2552 931 2614 ouius
941 2552 1185 2626 absolutionem,
1201 2551 1206 2634 Ι
1222 2553 1397 2632 antequam
1411 2553 1452 2615 ad
1465 2553 1548 2614 idem

492 2753 694 2767 η

486 2893 592 2950 tritius
611 2893 648 2949 de
666 2893 816 2966 Patritiis,
836 2896 979 2951 Senensis
997 2913 1108 2967 genere
1133 2901 1165 2951 et
1185 2896 1295 2968 patria,
1316 2894 1368 2950 oui
1386 2895 1544 2966 suecessit,

485 3000 565 3038 anno
592 2984 734 3054 sequenti
760 2984 838 3054 1320,
863 2983 1046 3039 Ambrosius
1064 3002 1104 3040 ex
1122 2983 1240 3040 familia
1257 2982 1491 3053 Pineolominea,
1516 2989 1547 3038 et

484 3089 564 3126 anno
584 3071 663 3144 1321,
683 3071 787 3128 Simon
804 3073 930 3145 Turius,
951 3074 1066 3144 etipse
1087 3071 1237 3130 Senensis.
1259 3071 1320 3138 Qui
1344 3088 1458 3142 omnes,
1484 3087 1546 3126 nno

485 3164 608 3216 tantum
620 3178 710 3232 anno,
725 3178 852 3218 munere
870 3179 928 3218 suo
946 3161 1049 3218 iuneti
1060 3165 1145 3218 sunt.
1159 3161 1206 3217 Of.
1220 3161 1453 3231 Lanenuuorrr,
1467 3159 1545 3214 Hist.

488 3248 575 3319 otia,
593 3249 620 3321 Ι,
641 3249 685 3322 14,
707 3251 750 3306 15.

519 3337 559 3411 (l)
578 3337 696 3405 Quarto
709 3338 787 3411 loeo,
799 3355 879 3395 anno
890 3339 970 3410 1322,
980 3339 1014 3394 in
1023 3337 1164 3394 abbatem
1177 3337 1306 3410 eligitur
1314 3337 1349 3391 B.
1360 3334 1544 3406 Bernartius,

484 3426 548 3500 qui,
573 3425 707 3498 singulis
732 3426 830 3497 annis,
857 3445 875 3482 a
898 3426 1049 3482 fratribus
1076 3426 1285 3496 confirmatus,
1311 3423 1491 3496 perduravit
1513 3423 1546 3478 in

484 3515 582 3571 efficio
601 3532 700 3587 nsque
720 3514 758 3571 ad
776 3531 824 3570 an.
840 3515 921 3586 1348,
935 3532 996 3586 quo
1009 3514 1121 3570 eoelnm
1133 3513 1234 3586 petiit.
1248 3513 1295 3568 Gi.
1308 3513 1543 3580 Lunenuuourr,

482 3604 561 3658 Hist.
584 3603 671 3673 otia,
691 3603 717 3675 Ι,
739 3603 839 3674 18-203
860 3603 1074 3675 Masticium,
1094 3601 1143 3658 Vt'e
1155 3604 1195 3656 dn
1207 3601 1244 3656 B.
1259 3601 1395 3655 Bernnrd
1412 3598 1543 3670 Tolomii,

483 3693 563 3762 1888,
585 3691 637 3747 149
655 3708 738 3764 seqq.

518 3779 558 3854 (2)
577 3779 724 3852 Tempore
734 3779 844 3852 ntique
853 3779 981 3836 Martini
991 3779 1028 3852 V,
1039 3778 1093 3836 sed
1102 3797 1155 3850 per
1164 3777 1422 3834 Reformatoress
1435 3775 1546 3830 Sancta

482 3867 557 3924 Sede
569 3869 694 3932 eleetos,
705 3868 820 3924 litteris
832 3868 911 3925 datis
924 3869 982 3925 snb
995 3868 1043 3924 die
1053 3867 1145 3924 XVII
1154 3866 1267 3922 mensis
1276 3865 1358 3936 maii,
1373 3865 1454 3919 duno
1463 3863 1543 3930 1430,

481 3956 649 4013 venerabili
667 3957 749 4028 patri
766 3962 799 4011 et
817 3957 921 4012 abbati
939 3957 1118 4012 monasterii
1136 3955 1252 4011 Montis
1265 3953 1390 4010 Oliveti.
1405 3943 1468 4008 Gf'r.
1483 3951 1545 4006 Ru·

481 4042 848 4115 o1snn.0n1vnr.,11,25.
863 4044 959 4100 Primi
971 4052 1076 4100 antem
1090 4060 1144 4100 sex
1156 4043 1333 4100 visitatores
1346 4040 1383 4096 ab
1396 4038 1554 4094 E.mi³Re--
1792 4094 1795 4125 Ι

480 4132 813 4201 formatonibnseleoti,
826 4133 958 4188 fuerunt
975 4133 1014 4188 ir.
1032 4133 1054 4188 J
1055 4134 1211 4188 eronimus
1230 4131 1267 4185 de
1285 4129 1423 4197 Perusia,
1439 4127 1477 4180 fr.
1493 4124 1545 4180 Ni·
1708 4209 1711 4218 ι
1788 4166 1798 4252 ,

480 4223 586 4277 nolana
604 4220 641 4276 de
660 4221 778 4292 Regno,
798 4221 837 4276 fr.
857 4221 1094 4276 Bartholomeus
1113 4221 1149 4276 de
1168 4219 1306 4287 Mantua,
1328 4218 1366 4272 fr.
1382 4217 1495 4270 Petrus
1508 4214 1544 4267 de
1763 4257 1766 4262 .

479 4308 601 4380 Napnli,
626 4309 665 4365 fr.
692 4309 833 4382 Baptista
855 4309 892 4365 ds
916 4308 1010 4364 Podin
1035 4308 1152 4379 bonizo,
1180 4315 1211 4366 et
1234 4307 1274 4363 fr.
1299 4303 1484 4362 Benedictus
1507 4301 1544 4356 de
1783 4257 1799 5165 j

478 4397 623 4470 Yspaniu.

714 5501 720 5503 --
735 5501 792 5512 μ-ν
804 5498 960 5510 -νμ-Ἰ-κ-
970 5497 1084 5508 --ι---·
1096 5497 1271 5508 —--—-——·—
1281 5495 1701 5508 —n-—⁷*--—--—-r·----———-·
