3642 5510
491 576 529 634 m
552 573 771 646 Spicitecium
790 569 1061 631 Moatoctvetease
1250 579 1314 628 xm

241 791 324 856 agro
346 767 496 853 Senensi,
519 767 557 833 in
580 767 651 834 loeo
666 765 725 853 qui
740 753 823 832 tunc
852 794 867 824 «
882 764 981 832 Mons
1004 763 1159 830 Acoonae
1174 792 1189 822 ι
1217 783 1313 830 vcca-

241 886 352 970 batnr,
384 890 501 972 postea
530 905 611 951 vero
640 911 655 941 ι
671 881 797 949 Montis
827 879 953 949 Oliveti
983 879 1120 946 Maioris
1136 908 1151 938 a
1187 900 1310 946 nomen

242 1001 378 1088 accepit.
416 999 470 1066 Ibi
506 998 729 1066 fundamenta
760 997 842 1084 jecit
880 1017 988 1064 novae
1019 992 1310 1082 Congregationis‚

243 1115 362 1182 Ordini
385 1114 502 1182 Sancti
516 1113 691 1180 Benedicti
706 1111 867 1196 addictae,
885 1134 971 1198 quae
985 1111 1122 1178 demum
1137 1133 1157 1176 a
1172 1109 1312 1176 Summo

243 1231 406 1298 Pontifice
422 1231 594 1298 Clemente
609 1229 670 1314 VI,
683 1250 773 1296 anno
783 1227 1023 1294 MCCCXLIV
1038 1225 1234 1314 adprobata,
1248 1230 1313 1292 sta·

242 1347 306 1414 tim
328 1369 389 1434 per
410 1367 526 1413 omnes
548 1345 668 1412 Italiae
690 1344 790 1411 urbes
816 1342 966 1410 coenobia
994 1341 1108 1430 posuit
1124 1342 1182 1429 (1).
1207 1341 1312 1409 Istius

242 1467 357 1529 eutem
372 1461 437 1530 loci
450 1461 717 1550 descriptionem,
734 1481 837 1547 quam
852 1459 934 1525 Pius
949 1458 995 1544 Π,
1008 1479 1098 1526 anno
1110 1456 1312 1526 MCDLXII

241 1579 327 1646 illud
349 1577 500 1647 invisens
522 1577 719 1660 coenobium,
744 1575 840 1644 nobie
863 1574 1000 1662 reliquit
1011 1575 1068 1659 (2),
1088 1573 1190 1641 hilari
1211 1573 1312 1643 vultu

240 1694 388 1784 excipias
402 1695 458 1779 (3).

278 1996 318 2070 (1)
337 1994 382 2052 ef.
391 1995 629 2066 Laucnntorrr,
644 1993 758 2050 Hister.
777 1992 891 2064 olivet,
906 1991 932 2065 Ι,
946 1992 1075 2065 4eeqq.;
1091 1992 1129 2048 D.
1143 1991 1312 2048 Cataonas

241 2085 284 2140 M.
306 2084 451 2154 Triones,
476 2084 625 2154 L'Abbcyc
652 2085 685 2139 de
712 2082 1050 2153 Merit-OlivetMajeur,
1080 2081 1200 2153 Sienne,
1228 2081 1309 2152 1898,

240 2193 271 2248 p.
293 2174 327 2229 19
346 2190 450 2246 seqq.;
476 2173 514 2228 D.
538 2171 697 2228 Bnarann
722 2172 765 2228 M.
785 2171 1007 2242 Mandonius,
1036 2171 1087 2228 Vie
1112 2172 1151 2226 da
1175 2171 1312 2226 Beraord

247 2263 383 2334 l'olomei,
403 2262 662 2334 Paris-Florence,
684 2261 764 2332 1888,
784 2279 813 2334 p.
834 2260 868 2316 61
888 2276 971 2333 seqq.

278 2350 318 2425 (2)
338 2353 390 2408 ΡΠ
409 2352 550 2408 Saeuum
570 2351 667 2407 Port'r.
687 2349 775 2406 Max.
801 2348 1007 2410 Commentarii
1026 2366 1122 2404 rerum
1147 2348 1312 2404 memorabi-

240 2443 321 2510 li'am,
345 2439 555 2510 Francofurti,
581 2438 709 2496 Offioina
732 2437 902 2510 Aubriena,
929 2437 970 2493 M.
986 2437 1048 2494 DC.
1063 2435 1149 2507 XIV,
1179 2438 1246 2493 Lib.
1271 2436 1310 2510 X,

239 2549 270 2604 p.
291 2531 354 2602 262,
373 2530 437 2585 263.

277 2620 316 2688 (3)
335 2618 381 2675 Of.
402 2619 639 2690 Laacamcrrr,
659 2619 774 2675 Hister.
799 2618 913 2690 olivet,
927 2619 951 2688 Ι,
973 2619 1027 2692 47,
1043 2617 1079 2674 G.
1096 2617 1241 2690 Thoans,
1264 2635 1309 2690 op.

240 2709 302 2778 cst,
322 2725 352 2781 p.
372 2707 426 2779 893
449 2707 605 2766 Rnomrn.
626 2708 770 2780 Corvum,
791 2708 833 2779 ΙΙ,
854 2709 901 2778 40,
921 2709 967 2766 42.

279 2798 324 2853 De
342 2797 401 2854 hac
421 2796 468 2852 Pii
479 2797 512 2852 11
528 2795 717 2870 visitatione,
732 2797 765 2853 in
777 2797 915 2854 coenobio
929 2797 1046 2856 Montis
1059 2796 1175 2854 Oliveti
1187 2795 1312 2852 maioris

242 2891 377 2960 peracte,
394 2886 470 2942 haec
490 2886 642 2959 leguntur
653 2886 687 2944 in
702 2885 809 2944 Circo.
827 2885 967 2944 Comeli.-
985 2888 1082 2944 «Hoc
1096 2887 1161 2942 fere
1174 2891 1312 2959 tempore

245 2975 362 3048 [nempe
380 2974 440 3032 sub
460 2974 621 3046 abbatiatu
639 2975 762 3032 Nicolai
777 2975 941 3048 Regiensis
960 2975 1160 3050 (1459-1463)],
1181 2975 1312 3032 domnus

244 3064 318 3120 Pius
337 3063 493 3122 secundus
506 3063 652 3120 Pontifex
664 3064 819 3122 Maximus
832 3065 970 3122 Mentem
983 3064 1098 3122 Oliveti
1109 3081 1164 3138 per
1176 3066 1312 3138 seipsum

242 3153 380 3226 visitare,
406 3159 439 3210 et
463 3154 594 3226 gloriam
620 3154 822 3228 pontificatus
850 3155 969 3211 romani
996 3171 1167 3228 pauperum
1195 3154 1313 3210 Christi

242 3243 419 3315 aspectibus
432 3248 627 3315 praesentare
639 3242 786 3315 dignatus
799 3249 856 3301 eat.
867 3246 896 3300 A
908 3242 1023 3317 quibus
1035 3261 1135 3316 usqne
1148 3243 1313 3300 admontis

242 3333 408 3390 introitum
418 3338 450 3388 et
459 3332 545 3389 ultra
554 3349 625 3388 cum
636 3333 730 3390 ramis
742 3333 896 3391 olivarum
908 3333 1178 3406 processionaliter
1191 3333 1313 3390 obviarn

242 3421 304 3478 sibi
315 3419 563 3494 procedentibus,
578 3426 610 3478 et
621 3421 774 3494 hymnum
790 3424 829 3480 Te
841 3422 934 3480 Deam
947 3423 1115 3480 Laudamus
1127 3423 1239 3480 devote
1250 3439 1313 3479 mo·

243 3510 404 3568 <iulatione
428 3511 462 3566 in
485 3510 584 3568 iubilo
616 3512 681 3568 Deo
707 3513 953 3585 concinentibus,
979 3512 1233 3570 affectuosissime
1265 3518 1313 3570 est

243 3604 417 3672 susceptus.
437 3599 571 3656 Miratur
588 3617 730 3658 summus
758 3601 925 3674 Pontifex;
944 3603 1101 3658 mirantur
1119 3601 1223 3658 domni
1241 3603 1313 3660 Car·

244 3687 363 3744 dineles
382 3692 414 3744 et
432 3688 585 3761 episcopi,
606 3688 760 3746 mirentur
778 3690 910 3763 denique
932 3707 1036 3748 ornnes
1058 3691 1313 3763 Congregationis

244 3777 332 3834 illius
354 3777 536 3834 modestiam
560 3779 655 3836 simul
679 3786 712 3838 et
734 3781 929 3852 gravitatem,
948 3782 1031 3854 quod
1048 3781 1082 3838 in
1101 3788 1164 3838 tam
1182 3784 1313 3840 solemni

244 3865 357 3936 gaudio
385 3865 580 3941 iocundaque
607 3869 804 3926 solemnitate
833 3870 967 3927 mirabili
997 3871 1134 3928 omnium
1162 3890 1311 3930 sensuum

244 3953 482 4011 mortificatione
500 3961 564 4012 tam
582 3955 720 4014 honestis
744 3958 972 4031 praeclarisque
992 3960 1183 4016 coeremoniis
1201 3968 1233 4017 et
1251 3979 1314 4017 mo·

245 4044 332 4100 ribus
351 4044 453 4102 ornati
473 4051 681 4116 occurrerent,
695 4047 810 4120 vixque
823 4047 1036 4106 sanctissimus
1049 4047 1166 4106 Christi
1178 4048 1313 4106 vicarius

245 4151 264 4188 a
280 4132 438 4190 lachrimis
456 4152 527 4206 prae
547 4134 710 4192 devotione
728 4142 851 4208 poterat
869 4153 901 4194 ss
921 4137 1089 4194 continere.
1104 4138 1142 4194 In
1155 4138 1312 4196 ecclesiam

244 4220 351 4293 itaque
370 4221 505 4296 primum
522 4223 745 4296 introducitur,
766 4224 822 4281 ubi
844 4233 994 4284 consueta
1016 4245 1137 4285 summo
1156 4228 1312 4286 Ecclesiae

249 4309 303 4366 Dei
321 4310 473 4368 sacerdoti
498 4313 675 4370 orationum
699 4319 731 4369 et
755 4315 1009 4372 coeremoniarum
1031 4317 1228 4374 solemnitate
1247 4335 1312 4389 per·

245 4397 359 4470 soluta,
380 4399 463 4456 intra
473 4418 640 4472 pauperem
658 4400 745 4458 illam
767 4403 892 4460 domum
911 4413 943 4459 et
961 4403 1110 4461 humilem
1135 4405 1313 4462 monasterii

245 4485 468 4546 habitationem
486 4489 684 4548 beatissimus
703 4491 761 4548 Dei
780 4491 923 4548 Vinarius
942 4491 1072 4567 ingredi,
1087 4500 1119 4550 et
1135 4493 1168 4552 in
1181 4511 1217 4552 ea
1229 4493 1313 4568 quie·
