3642 5510
467 524 553 574 xxv1
822 515 870 575 De
895 513 966 576 Vite
986 515 1017 576 el
1038 515 1178 588 scripte
1212 505 1218 516 '

467 705 726 793 circumquaque
740 706 872 791 diffuse,
895 706 1049 776 videmus
1071 707 1320 794 diligimueque.
1336 707 1433 786 Quod
1448 729 1530 774 sene

467 841 528 886 nec
551 821 784 908 spernendum,
808 845 869 890 nec
884 823 1064 890 minimum
1079 824 1344 892 emolumentum
1359 845 1441 908 esse,
1457 845 1530 890 eru·

467 934 531 1000 diti
553 935 705 1002 homines
721 937 928 1004 existiment.

390 1049 394 1058 ⁴
512 1051 682 1138 Quidquid
706 1075 786 1140 ergo
808 1053 849 1120 de
872 1055 1018 1122 Antonii
1040 1056 1222 1144 Bergeneis
1244 1057 1317 1124 vita
1332 1055 1528 1144 scriptisque

467 1168 623 1255 colligere
644 1170 867 1258 undequaque
889 1171 974 1238 mihi
996 1172 1047 1240 fas
1069 1173 1143 1258 erit,
1166 1172 1381 1257 enucleando,
1405 1178 1448 1255 et,
1465 1194 1524 1258 pro

469 1285 610 1351 minime
631 1285 698 1352 mei
719 1287 850 1374 ingenii
872 1295 977 1377 parte,
1001 1289 1248 1376 invertigando,
1272 1288 1449 1377 proferam.

514 1398 559 1464 H.
576 1439 621 1448 -
635 1399 678 1465 In
707 1423 796 1488 pago
826 1401 1001 1488 Bergensi,
1025 1405 1130 1491 vulgo
1158 1405 1349 1491 «Berge»,
1381 1403 1418 1468 in
1448 1423 1527 1487 egro

470 1515 614 1582 Lucensi
628 1517 684 1600 (1),
701 1517 764 1582 sub
778 1517 846 1584 fine
861 1519 983 1585 saeculi
994 1520 1092 1606 xiv,
1108 1521 1281 1588 Antonius
1297 1525 1410 1587 noster
1422 1517 1528 1586 vitam

351 1659 357 1671 ·
470 1650 569 1714 egere
598 1629 720 1732 coepit
739 1629 885 1708 Quinam
915 1632 1042 1700 fuerint
1072 1639 1243 1722 perentes;
1276 1657 1362 1722 quea
1392 1631 1528 1702 vivendi

298 1784 310 1813 n
336 1781 377 1852 ²3⁰
424 1780 443 1850 f·
470 1745 571 1827 rati0;
597 1768 683 1832 quee
704 1747 822 1814 domus
844 1748 1034 1818 femilieeve
1055 1751 1322 1834 consuetudines,
1350 1771 1412 1816 nos
1441 1748 1530 1836 peni-

300 1855 347 1884 ⁰¹¹⁸¹
374 1853 442 1884 ''m''
470 1866 526 1924 tus
548 1861 641 1926 latet.
665 1861 719 1926 Ex
741 1868 843 1948 gente
865 1869 980 1930 temen
1002 1865 1136 1952 Ugucie
1155 1871 1268 1932 ortum
1283 1863 1427 1960 duxisse,
1443 1885 1529 1929 com-

469 1983 604 2064 pertum
626 1977 788 2044 hebemus
803 1980 859 2063 (2).
892 1979 1065 2047 'Pabulerii
1088 1982 1198 2049 nostri
1212 1985 1441 2064 monumenta,
1457 1979 1531 2045 nul-

469 2093 538 2158 lam
553 2093 620 2160 viri
634 2095 890 2180 praeclarissimi
905 2097 1068 2164 exhibent
1094 2097 1268 2184 originem.
1297 2097 1366 2164 Nec
1389 2095 1528 2162 mirum:

469 2210 587 2296 primis
610 2211 701 2276 enim
723 2212 831 2278 nostri
858 2211 993 2278 Ordinis
1016 2213 1234 2300 temporibus,
1257 2213 1349 2278 heud
1371 2233 1529 2279 curavere

469 2333 583 2413 patres
605 2327 656 2392 illi
678 2333 817 2411 veteres,
841 2351 926 2415 quae
948 2329 989 2394 de
1011 2329 1104 2413 viris,
1128 2329 1165 2394 in
1188 2351 1226 2396 eo
1241 2327 1449 2411 florentibus,
1466 2327 1530 2393 vir-

470 2447 544 2508 tute
569 2443 772 2530 ingenioque
794 2445 1008 2531 pollentibus,
1026 2444 1112 2510 scitu
1127 2444 1232 2530 digna
1254 2443 1374 2527 forent,
1399 2442 1530 2530 scriptis

470 2559 609 2643 tradere,
625 2560 688 2626 hoc
702 2583 810 2626 unum
825 2583 905 2648 prae
921 2561 1025 2627 oculis
1040 2582 1170 2648 semper
1184 2560 1355 2644 habentes,
1368 2559 1530 2626 monacho

469 2674 579 2760 magis
600 2674 788 2758 convenire,
813 2675 1043 2741 memorabilia
1065 2696 1174 2761 egere,
1197 2675 1300 2760 quam
1316 2679 1391 2739 ecte
1405 2673 1530 2738 chartis

469 2789 675 2875 consignare.
707 2790 759 2855 Ea
784 2789 875 2856 enirn
899 2795 1017 2874 aetate,
1041 2811 1171 2877 semper
1193 2788 1311 2880 utique
1334 2787 1530 2869 ademende,

470 2927 575 2990 quum
604 2904 671 2991 ipsi
692 2904 761 2970 fere
784 2925 899 2970 ornnes
930 2905 1104 2992 splendore
1133 2905 1313 2988 virtutum,
1337 2902 1532 2989 ingeniique

469 3020 586 3086 robore
608 3020 784 3104 eniterent,
809 3028 868 3086 aut
891 3021 932 3086 de
947 3020 1102 3086 omnibus
1118 3019 1303 3106 aequaliter
1317 3018 1530 3105 loquendum,

469 3138 530 3198 eut
551 3133 592 3199 de
615 3133 771 3200 omnibus
793 3134 921 3222 pariter
943 3135 1118 3201 silendum.
1143 3135 1216 3201 Hoc
1234 3133 1395 3200 ultimum
1410 3131 1532 3218 eligere

470 3254 672 3333 statuerunt,
696 3249 849 3315 homines
872 3249 1065 3316 humilitate
1087 3250 1236 3316 maxime
1258 3248 1436 3334 fulgentes.
1462 3247 1532 3313 Nec

469 3368 566 3436 nobis
587 3372 765 3456 propterea
787 3367 983 3450 dolendum;
1001 3390 1078 3434 cum
1093 3368 1160 3455 ipsi
1174 3373 1287 3454 patres
1303 3349 1412 3433 nostri
1426 3386 1533 3432 exem-

462 3483 565 3572 'plum
593 3484 740 3568 virtutis,
764 3483 915 3568 tacende,
939 3483 1127 3571 relinquere
1150 3483 1420 3566 aestimaverint3
1445 3481 1533 3548 acsi

469 3599 663 3666 humilitate
685 3599 850 3666 firmando
872 3599 996 3684 omnie,
1020 3598 1117 3666 nobis
1140 3598 1322 3684 indigitare
1345 3596 1479 3666 vellent.

502 3935 546 4008 ,(1)
565 3935 611 3991 Cf.
637 3937 793 4006 Rursum,
819 3933 997 4008 Dirionaric
1020 3934 1188 4006 perprafico,
1209 3934 1301 4005 fisico,
1326 3935 1432 3989 elorico
1458 3934 1533 3989 dello

474 4025 610 4086 Tuscana.
629 4024 768 4096 Fircnze,
794 4024 874 4095 1833,
896 4024 921 4096 I,
942 4024 1071 4080 eie-280.

505 4113 545 4186 (2)
563 4112 696 4184 Legitur
715 4113 797 4168 enim
815 4111 848 4168 in
866 4113 998 4184 quodam
1017 4117 1100 4179 ectu,
1122 4129 1203 4168 enno
1222 4111 1301 4183 1429,
1315 4115 1442 4168 exarato
1456 4131 1471 4165 ‹
1485 4111 1532 4164 fre

471 4200 606 4256 Antonio
625 4202 658 4255 di
673 4200 778 4256 Guccio
797 4200 836 4256 de
853 4201 954 4272 Berge
965 4219 994 4272 »ς
1015 4201 1048 4256 in
1067 4201 1137 4256 eliis
1155 4217 1238 4272 vero,
1258 4201 1345 4256 annis
1360 4201 1438 4272 1431,
1454 4197 1532 4268 1435,

470 4291 540 4346 1436
559 4289 720 4363 confectis,
735 4290 889 4362 reperitur
912 4309 928 4343 c
947 4289 996 4344 fre
1008 4289 1144 4345 Antonio
1162 4289 1251 4344 Gucci
1263 4288 1301 4344 de
1321 4291 1418 4361 Berge
1431 4307 1446 4342 a
1459 4288 1533 4359 (411-
1596 4276 1604 4295 ’

470 4394 556 4437 cmv.
576 4379 669 4436 Srn'r.
690 4379 863 4451 Facerem,
885 4378 1046 4434 Menanter.
1066 4396 1224 4452 repperere,
1246 4379 1307 4449 168,
1327 4378 1389 4436 vol.
1410 4372 1467 4450 57).
