<?xml version="1.0" encoding="UTF-8"?>
<!DOCTYPE html PUBLIC "-//W3C//DTD XHTML 1.0 Transitional//EN"
    "http://www.w3.org/TR/xhtml1/DTD/xhtml1-transitional.dtd">
<html xmlns="http://www.w3.org/1999/xhtml" xml:lang="en" lang="en">
 <head>
  <title>
</title>
<meta http-equiv="Content-Type" content="text/html;charset=utf-8" />
  <meta name='ocr-system' content='tesseract 3.04.00' />
  <meta name='ocr-capabilities' content='ocr_page ocr_carea ocr_par ocr_line ocrx_word'/>
</head>
<body>
  <div class='ocr_page' id='page_1' title='image "./chroniconmontis00lugagoog_0127.png"; bbox 0 0 3646 5520; ppageno 0'>
   <div class='ocr_carea' id='block_1_1' title="bbox 514 494 1135 578">
    <p class='ocr_par' dir='ltr' id='par_1_1' title="bbox 514 494 1135 578">
     <span class='ocr_line' id='line_1_1' title="bbox 514 494 1135 578; baseline 0.006 -17"><span class='ocrx_word' id='word_1_1' title='bbox 514 494 556 562; x_wconf 85' lang='lat' dir='ltr'><strong>dd</strong></span> <span class='ocrx_word' id='word_1_2' title='bbox 953 497 1135 578; x_wconf 74' lang='lat' dir='ltr'><strong>appensa</strong></span> 
     </span>
    </p>
   </div>
   <div class='ocr_carea' id='block_1_2' title="bbox 513 693 1585 1212">
    <p class='ocr_par' dir='ltr' id='par_1_2' title="bbox 513 693 1585 1212">
     <span class='ocr_line' id='line_1_2' title="bbox 514 693 1585 778; baseline -0.001 -20"><span class='ocrx_word' id='word_1_3' title='bbox 514 709 551 758; x_wconf 86' lang='lat' dir='ltr'><strong>sa</strong></span> <span class='ocrx_word' id='word_1_4' title='bbox 564 693 766 771; x_wconf 90' lang='lat' dir='ltr'><strong>dedicant,et</strong></span> <span class='ocrx_word' id='word_1_5' title='bbox 777 711 838 760; x_wconf 86' lang='lat' dir='ltr'><strong>sna</strong></span> <span class='ocrx_word' id='word_1_6' title='bbox 850 699 1022 778; x_wconf 86' lang='lat' dir='ltr'><strong>exponunt</strong></span> <span class='ocrx_word' id='word_1_7' title='bbox 1033 697 1068 762; x_wconf 92' lang='lat' dir='ltr'><strong>et</strong></span> <span class='ocrx_word' id='word_1_8' title='bbox 1080 697 1239 763; x_wconf 76' lang='lat' dir='ltr'>exhibent</span> <span class='ocrx_word' id='word_1_9' title='bbox 1251 694 1585 762; x_wconf 83' lang='lat' dir='ltr'><strong>servitiolesutlhri-</strong></span> 
     </span>
     <span class='ocr_line' id='line_1_3' title="bbox 514 797 1583 885; baseline 0.002 -22"><span class='ocrx_word' id='word_1_10' title='bbox 514 800 576 876; x_wconf 88' lang='lat' dir='ltr'><strong>eti;</strong></span> <span class='ocrx_word' id='word_1_11' title='bbox 592 797 597 883; x_wconf 91' lang='grc' dir='ltr'>Ι</span> <span class='ocrx_word' id='word_1_12' title='bbox 613 801 651 865; x_wconf 87' lang='lat' dir='ltr'><strong>nt</strong></span> <span class='ocrx_word' id='word_1_13' title='bbox 669 802 704 866; x_wconf 92' lang='lat' dir='ltr'><strong>in</strong></span> <span class='ocrx_word' id='word_1_14' title='bbox 725 802 789 866; x_wconf 87' lang='lat' dir='ltr'><strong>illis</strong></span> <span class='ocrx_word' id='word_1_15' title='bbox 808 803 857 868; x_wconf 91' lang='lat' dir='ltr'><strong>sic</strong></span> <span class='ocrx_word' id='word_1_16' title='bbox 876 804 1031 885; x_wconf 89' lang='lat' dir='ltr'><strong>expositis</strong></span> <span class='ocrx_word' id='word_1_17' title='bbox 1045 805 1079 870; x_wconf 91' lang='lat' dir='ltr'><strong>et</strong></span> <span class='ocrx_word' id='word_1_18' title='bbox 1092 804 1218 870; x_wconf 88' lang='lat' dir='ltr'><strong>collatis</strong></span> <span class='ocrx_word' id='word_1_19' title='bbox 1237 802 1456 870; x_wconf 84' lang='lat' dir='ltr'><strong>hedificantur</strong></span> <span class='ocrx_word' id='word_1_20' title='bbox 1477 803 1583 868; x_wconf 89' lang='lat' dir='ltr'><strong>eccle·</strong></span> 
     </span>
     <span class='ocr_line' id='line_1_4' title="bbox 514 906 1583 992; baseline 0.001 -22"><span class='ocrx_word' id='word_1_21' title='bbox 514 906 572 982; x_wconf 91' lang='lat' dir='ltr'><strong>sle,</strong></span> <span class='ocrx_word' id='word_1_22' title='bbox 591 907 701 974; x_wconf 79' lang='lat' dir='ltr'><strong>dirim</strong></span> <span class='ocrx_word' id='word_1_23' title='bbox 721 911 929 976; x_wconf 85' lang='lat' dir='ltr'><strong>celebrentur</strong></span> <span class='ocrx_word' id='word_1_24' title='bbox 948 911 1105 987; x_wconf 87' lang='lat' dir='ltr'><strong>misteria,</strong></span> <span class='ocrx_word' id='word_1_25' title='bbox 1125 913 1159 977; x_wconf 90' lang='lat' dir='ltr'><strong>et</strong></span> <span class='ocrx_word' id='word_1_26' title='bbox 1183 911 1289 992; x_wconf 91' lang='lat' dir='ltr'><strong>ipsum</strong></span> <span class='ocrx_word' id='word_1_27' title='bbox 1313 926 1431 992; x_wconf 91' lang='lat' dir='ltr'><strong>corpus</strong></span> <span class='ocrx_word' id='word_1_28' title='bbox 1456 907 1583 974; x_wconf 81' lang='lat' dir='ltr'><strong>christi</strong></span> 
     </span>
     <span class='ocr_line' id='line_1_5' title="bbox 514 1015 1583 1100; baseline 0.002 -24"><span class='ocrx_word' id='word_1_29' title='bbox 514 1029 573 1093; x_wconf 94' lang='lat' dir='ltr'><strong>pro</strong></span> <span class='ocrx_word' id='word_1_30' title='bbox 592 1015 813 1097; x_wconf 75' lang='lat' dir='ltr'><strong>redemptione</strong></span> <span class='ocrx_word' id='word_1_31' title='bbox 838 1017 975 1082; x_wconf 89' lang='lat' dir='ltr'><strong>humani</strong></span> <span class='ocrx_word' id='word_1_32' title='bbox 1000 1019 1131 1100; x_wconf 78' lang='lat' dir='ltr'><strong>generis</strong></span> <span class='ocrx_word' id='word_1_33' title='bbox 1150 1018 1307 1083; x_wconf 89' lang='lat' dir='ltr'><strong>traditum</strong></span> <span class='ocrx_word' id='word_1_34' title='bbox 1335 1015 1488 1098; x_wconf 87' lang='lat' dir='ltr'><strong>passioni,</strong></span> <span class='ocrx_word' id='word_1_35' title='bbox 1507 1031 1583 1079; x_wconf 89' lang='lat' dir='ltr'><strong>ora·</strong></span> 
     </span>
     <span class='ocr_line' id='line_1_6' title="bbox 513 1119 1583 1212; baseline 0.004 -30"><span class='ocrx_word' id='word_1_36' title='bbox 513 1119 655 1184; x_wconf 78' lang='lat' dir='ltr'><strong>tionibus</strong></span> <span class='ocrx_word' id='word_1_37' title='bbox 674 1123 833 1187; x_wconf 89' lang='lat' dir='ltr'><strong>institutis</strong></span> <span class='ocrx_word' id='word_1_38' title='bbox 853 1125 888 1188; x_wconf 92' lang='lat' dir='ltr'><strong>in</strong></span> <span class='ocrx_word' id='word_1_39' title='bbox 904 1124 1003 1212; x_wconf 73' lang='lat' dir='ltr'><strong>altmi</strong></span> <span class='ocrx_word' id='word_1_40' title='bbox 1017 1141 1076 1206; x_wconf 91' lang='lat' dir='ltr'><strong>per</strong></span> <span class='ocrx_word' id='word_1_41' title='bbox 1096 1123 1280 1190; x_wconf 78' lang='lat' dir='ltr'><strong>sacerdotes</strong></span> <span class='ocrx_word' id='word_1_42' title='bbox 1294 1123 1471 1188; x_wconf 86' lang='lat' dir='ltr'><strong>catholicos</strong></span> <span class='ocrx_word' id='word_1_43' title='bbox 1490 1139 1583 1202; x_wconf 87' lang='lat' dir='ltr'><strong>ymo-</strong></span> 
     </span>
    </p>
   </div>
   <div class='ocr_carea' id='block_1_3' title="bbox 514 1227 1667 1312">
    <p class='ocr_par' dir='ltr' id='par_1_3' title="bbox 514 1227 1667 1312">
     <span class='ocr_line' id='line_1_7' title="bbox 514 1227 1667 1312; baseline 0.007 -22"><span class='ocrx_word' id='word_1_44' title='bbox 514 1227 611 1293; x_wconf 91' lang='lat' dir='ltr'><strong>lctur.</strong></span> <span class='ocrx_word' id='word_1_45' title='bbox 624 1229 709 1294; x_wconf 83' lang='lat' dir='ltr'><strong>sane</strong></span> <span class='ocrx_word' id='word_1_46' title='bbox 728 1231 942 1312; x_wconf 87' lang='lat' dir='ltr'><strong>percepimus,</strong></span> <span class='ocrx_word' id='word_1_47' title='bbox 956 1232 1124 1297; x_wconf 87' lang='lat' dir='ltr'><strong>Barnarde</strong></span> <span class='ocrx_word' id='word_1_48' title='bbox 1144 1249 1183 1296; x_wconf 89' lang='lat' dir='ltr'><strong>ac</strong></span> <span class='ocrx_word' id='word_1_49' title='bbox 1203 1231 1342 1306; x_wconf 86' lang='lat' dir='ltr'><strong>Patritii,</strong></span> <span class='ocrx_word' id='word_1_50' title='bbox 1363 1231 1395 1294; x_wconf 93' lang='lat' dir='ltr'><strong>di</strong></span> <span class='ocrx_word' id='word_1_51' title='bbox 1412 1228 1417 1312; x_wconf 83' lang='grc' dir='ltr'>Ι</span> <span class='ocrx_word' id='word_1_52' title='bbox 1432 1229 1510 1294; x_wconf 89' lang='lat' dir='ltr'><strong>lecti</strong></span> <span class='ocrx_word' id='word_1_53' title='bbox 1525 1245 1583 1292; x_wconf 90' lang='lat' dir='ltr'><strong>no·</strong></span> <span class='ocrx_word' id='word_1_54' title='bbox 1661 1285 1667 1298; x_wconf 92' lang='lat'><strong>.</strong></span> 
     </span>
    </p>
   </div>
   <div class='ocr_carea' id='block_1_4' title="bbox 509 1335 1583 3757">
    <p class='ocr_par' dir='ltr' id='par_1_4' title="bbox 509 1335 1583 3757">
     <span class='ocr_line' id='line_1_8' title="bbox 513 1335 1583 1417; baseline -0.001 -19"><span class='ocrx_word' id='word_1_55' title='bbox 513 1335 585 1410; x_wconf 91' lang='lat' dir='ltr'><strong>stri,</strong></span> <span class='ocrx_word' id='word_1_56' title='bbox 605 1336 689 1416; x_wconf 93' lang='lat' dir='ltr'><strong>quod</strong></span> <span class='ocrx_word' id='word_1_57' title='bbox 702 1337 737 1399; x_wconf 92' lang='lat' dir='ltr'><strong>in</strong></span> <span class='ocrx_word' id='word_1_58' title='bbox 750 1337 901 1417; x_wconf 79' lang='lat' dir='ltr'><strong>operibus</strong></span> <span class='ocrx_word' id='word_1_59' title='bbox 921 1337 1069 1403; x_wconf 86' lang='lat' dir='ltr'><strong>caritatis</strong></span> <span class='ocrx_word' id='word_1_60' title='bbox 1089 1339 1137 1404; x_wconf 90' lang='lat' dir='ltr'><strong>sic</strong></span> <span class='ocrx_word' id='word_1_61' title='bbox 1155 1337 1315 1403; x_wconf 88' lang='lat' dir='ltr'><strong>hactenus</strong></span> <span class='ocrx_word' id='word_1_62' title='bbox 1334 1336 1520 1410; x_wconf 84' lang='lat' dir='ltr'><strong>insudastis,</strong></span> <span class='ocrx_word' id='word_1_63' title='bbox 1534 1336 1583 1398; x_wconf 91' lang='lat' dir='ltr'><strong>sic</strong></span> 
     </span>
     <span class='ocr_line' id='line_1_9' title="bbox 513 1432 1581 1526; baseline 0 -22"><span class='ocrx_word' id='word_1_64' title='bbox 513 1441 547 1505; x_wconf 92' lang='lat' dir='ltr'><strong>in</strong></span> <span class='ocrx_word' id='word_1_65' title='bbox 569 1443 746 1522; x_wconf 90' lang='lat' dir='ltr'><strong>penitentie</strong></span> <span class='ocrx_word' id='word_1_66' title='bbox 764 1445 927 1525; x_wconf 91' lang='lat' dir='ltr'><strong>proposito</strong></span> <span class='ocrx_word' id='word_1_67' title='bbox 940 1445 1147 1510; x_wconf 76' lang='lat' dir='ltr'><strong>laudabiliter</strong></span> <span class='ocrx_word' id='word_1_68' title='bbox 1159 1444 1358 1526; x_wconf 77' lang='lat' dir='ltr'><strong>perstitistis,</strong></span> <span class='ocrx_word' id='word_1_69' title='bbox 1372 1432 1456 1524; x_wconf 84' lang='lat' dir='ltr'><strong>quod</strong></span> <span class='ocrx_word' id='word_1_70' title='bbox 1468 1442 1581 1506; x_wconf 84' lang='lat' dir='ltr'><strong>divina</strong></span> 
     </span>
     <span class='ocr_line' id='line_1_10' title="bbox 513 1548 1583 1632; baseline -0.001 -21"><span class='ocrx_word' id='word_1_71' title='bbox 513 1549 622 1628; x_wconf 79' lang='lat' dir='ltr'><strong>gratia</strong></span> <span class='ocrx_word' id='word_1_72' title='bbox 648 1549 849 1627; x_wconf 86' lang='lat' dir='ltr'><strong>inflammati,</strong></span> <span class='ocrx_word' id='word_1_73' title='bbox 874 1551 1007 1632; x_wconf 88' lang='lat' dir='ltr'><strong>poderia</strong></span> <span class='ocrx_word' id='word_1_74' title='bbox 1031 1551 1144 1617; x_wconf 80' lang='lat' dir='ltr'><strong>vestra</strong></span> <span class='ocrx_word' id='word_1_75' title='bbox 1163 1551 1203 1616; x_wconf 92' lang='lat' dir='ltr'><strong>de</strong></span> <span class='ocrx_word' id='word_1_76' title='bbox 1222 1553 1334 1616; x_wconf 82' lang='lat' dir='ltr'><strong>Accua</strong></span> <span class='ocrx_word' id='word_1_77' title='bbox 1352 1549 1388 1614; x_wconf 89' lang='lat' dir='ltr'><strong>et</strong></span> <span class='ocrx_word' id='word_1_78' title='bbox 1406 1548 1583 1622; x_wconf 87' lang='lat' dir='ltr'><strong>Melanino,</strong></span> 
     </span>
     <span class='ocr_line' id='line_1_11' title="bbox 512 1641 1583 1740; baseline 0 -22"><span class='ocrx_word' id='word_1_79' title='bbox 512 1655 548 1718; x_wconf 93' lang='lat' dir='ltr'><strong>in</strong></span> <span class='ocrx_word' id='word_1_80' title='bbox 567 1657 733 1736; x_wconf 86' lang='lat' dir='ltr'><strong>presentia</strong></span> <span class='ocrx_word' id='word_1_81' title='bbox 753 1657 866 1722; x_wconf 87' lang='lat' dir='ltr'><strong>nostra</strong></span> <span class='ocrx_word' id='word_1_82' title='bbox 879 1660 913 1723; x_wconf 91' lang='lat' dir='ltr'><strong>et</strong></span> <span class='ocrx_word' id='word_1_83' title='bbox 926 1659 1058 1740; x_wconf 91' lang='lat' dir='ltr'><strong>capituli</strong></span> <span class='ocrx_word' id='word_1_84' title='bbox 1071 1659 1207 1724; x_wconf 87' lang='lat' dir='ltr'><strong>ecclesie</strong></span> <span class='ocrx_word' id='word_1_85' title='bbox 1220 1641 1420 1722; x_wconf 85' lang='lat' dir='ltr'><strong>cathedralis</strong></span> <span class='ocrx_word' id='word_1_86' title='bbox 1433 1655 1583 1729; x_wconf 82' lang='lat' dir='ltr'><strong>Aretias,</strong></span> 
     </span>
     <span class='ocr_line' id='line_1_12' title="bbox 513 1762 1580 1846; baseline -0.001 -21"><span class='ocrx_word' id='word_1_87' title='bbox 513 1763 579 1826; x_wconf 89' lang='lat' dir='ltr'><strong>Deo</strong></span> <span class='ocrx_word' id='word_1_88' title='bbox 593 1763 778 1828; x_wconf 78' lang='lat' dir='ltr'><strong>contulistis</strong></span> <span class='ocrx_word' id='word_1_89' title='bbox 798 1765 831 1829; x_wconf 92' lang='lat' dir='ltr'><strong>et</strong></span> <span class='ocrx_word' id='word_1_90' title='bbox 851 1765 981 1846; x_wconf 84' lang='lat' dir='ltr'><strong>Virgini</strong></span> <span class='ocrx_word' id='word_1_91' title='bbox 1001 1767 1152 1846; x_wconf 82' lang='lat' dir='ltr'><strong>gloriose,</strong></span> <span class='ocrx_word' id='word_1_92' title='bbox 1168 1765 1209 1829; x_wconf 91' lang='lat' dir='ltr'><strong>ad</strong></span> <span class='ocrx_word' id='word_1_93' title='bbox 1229 1765 1322 1829; x_wconf 91' lang='lat' dir='ltr'><strong>cuius</strong></span> <span class='ocrx_word' id='word_1_94' title='bbox 1338 1763 1342 1846; x_wconf 89' lang='grc' dir='ltr'>Ι</span> <span class='ocrx_word' id='word_1_95' title='bbox 1358 1762 1580 1828; x_wconf 83' lang='lat' dir='ltr'><strong>reverentiam</strong></span> 
     </span>
     <span class='ocr_line' id='line_1_13' title="bbox 513 1869 1581 1951; baseline 0 -19"><span class='ocrx_word' id='word_1_96' title='bbox 513 1869 746 1934; x_wconf 89' lang='lat' dir='ltr'><strong>monasterium</strong></span> <span class='ocrx_word' id='word_1_97' title='bbox 760 1871 795 1934; x_wconf 90' lang='lat' dir='ltr'><strong>in</strong></span> <span class='ocrx_word' id='word_1_98' title='bbox 808 1873 920 1938; x_wconf 80' lang='lat' dir='ltr'><strong>Accua</strong></span> <span class='ocrx_word' id='word_1_99' title='bbox 939 1872 1152 1936; x_wconf 85' lang='lat' dir='ltr'><strong>construatur</strong></span> <span class='ocrx_word' id='word_1_100' title='bbox 1168 1872 1228 1935; x_wconf 92' lang='lat' dir='ltr'><strong>sub</strong></span> <span class='ocrx_word' id='word_1_101' title='bbox 1248 1870 1365 1951; x_wconf 80' lang='lat' dir='ltr'><strong>regula</strong></span> <span class='ocrx_word' id='word_1_102' title='bbox 1377 1869 1464 1934; x_wconf 90' lang='lat' dir='ltr'><strong>beati</strong></span> <span class='ocrx_word' id='word_1_103' title='bbox 1477 1872 1581 1932; x_wconf 90' lang='lat' dir='ltr'><strong>Bene-</strong></span> 
     </span>
     <span class='ocr_line' id='line_1_14' title="bbox 512 1974 1579 2052; baseline 0 -14"><span class='ocrx_word' id='word_1_104' title='bbox 512 1974 588 2040; x_wconf 88' lang='lat' dir='ltr'><strong>dicti</strong></span> <span class='ocrx_word' id='word_1_105' title='bbox 603 1975 637 2040; x_wconf 88' lang='lat' dir='ltr'><strong>at</strong></span> <span class='ocrx_word' id='word_1_106' title='bbox 650 1977 858 2042; x_wconf 84' lang='lat' dir='ltr'><strong>observantia</strong></span> <span class='ocrx_word' id='word_1_107' title='bbox 877 1977 1069 2052; x_wconf 89' lang='lat' dir='ltr'><strong>monachali,</strong></span> <span class='ocrx_word' id='word_1_108' title='bbox 1083 1979 1116 2043; x_wconf 88' lang='lat' dir='ltr'><strong>et</strong></span> <span class='ocrx_word' id='word_1_109' title='bbox 1129 1977 1241 2042; x_wconf 84' lang='lat' dir='ltr'><strong>divina</strong></span> <span class='ocrx_word' id='word_1_110' title='bbox 1253 1978 1288 2041; x_wconf 91' lang='lat' dir='ltr'><strong>iu</strong></span> <span class='ocrx_word' id='word_1_111' title='bbox 1301 1977 1357 2040; x_wconf 95' lang='lat' dir='ltr'><strong>illo</strong></span> <span class='ocrx_word' id='word_1_112' title='bbox 1371 1975 1579 2040; x_wconf 85' lang='lat' dir='ltr'><strong>celebrentur</strong></span> 
     </span>
     <span class='ocr_line' id='line_1_15' title="bbox 512 2080 1578 2164; baseline -0.002 -20"><span class='ocrx_word' id='word_1_113' title='bbox 512 2081 668 2157; x_wconf 88' lang='lat' dir='ltr'><strong>misteria,</strong></span> <span class='ocrx_word' id='word_1_114' title='bbox 682 2083 722 2146; x_wconf 88' lang='lat' dir='ltr'><strong>ad</strong></span> <span class='ocrx_word' id='word_1_115' title='bbox 736 2083 863 2147; x_wconf 87' lang='lat' dir='ltr'><strong>laudam</strong></span> <span class='ocrx_word' id='word_1_116' title='bbox 877 2085 1031 2164; x_wconf 90' lang='lat' dir='ltr'><strong>ipsorum,</strong></span> <span class='ocrx_word' id='word_1_117' title='bbox 1046 2085 1229 2149; x_wconf 87' lang='lat' dir='ltr'><strong>animarum</strong></span> <span class='ocrx_word' id='word_1_118' title='bbox 1242 2083 1429 2148; x_wconf 86' lang='lat' dir='ltr'><strong>vestrarum</strong></span> <span class='ocrx_word' id='word_1_119' title='bbox 1443 2083 1477 2146; x_wconf 89' lang='lat' dir='ltr'><strong>et</strong></span> <span class='ocrx_word' id='word_1_120' title='bbox 1490 2080 1578 2146; x_wconf 91' lang='lat' dir='ltr'><strong>obri-</strong></span> 
     </span>
     <span class='ocr_line' id='line_1_16' title="bbox 513 2187 1581 2272; baseline 0 -22"><span class='ocrx_word' id='word_1_121' title='bbox 513 2189 694 2253; x_wconf 87' lang='lat' dir='ltr'><strong>stianorum</strong></span> <span class='ocrx_word' id='word_1_122' title='bbox 714 2191 852 2255; x_wconf 86' lang='lat' dir='ltr'><strong>salutem</strong></span> <span class='ocrx_word' id='word_1_123' title='bbox 873 2191 1015 2255; x_wconf 86' lang='lat' dir='ltr'><strong>fidelium</strong></span> <span class='ocrx_word' id='word_1_124' title='bbox 1033 2207 1072 2256; x_wconf 86' lang='lat' dir='ltr'><strong>ac</strong></span> <span class='ocrx_word' id='word_1_125' title='bbox 1086 2192 1276 2272; x_wconf 86' lang='lat' dir='ltr'><strong>protectum.</strong></span> <span class='ocrx_word' id='word_1_126' title='bbox 1290 2189 1497 2254; x_wconf 87' lang='lat' dir='ltr'><strong>Postulantes</strong></span> <span class='ocrx_word' id='word_1_127' title='bbox 1518 2187 1581 2250; x_wconf 91' lang='lat' dir='ltr'><strong>bu-</strong></span> 
     </span>
     <span class='ocr_line' id='line_1_17' title="bbox 512 2295 1581 2380; baseline -0.002 -22"><span class='ocrx_word' id='word_1_128' title='bbox 512 2295 633 2361; x_wconf 90' lang='lat' dir='ltr'><strong>militer</strong></span> <span class='ocrx_word' id='word_1_129' title='bbox 653 2297 691 2359; x_wconf 85' lang='lat' dir='ltr'><strong>ut</strong></span> <span class='ocrx_word' id='word_1_130' title='bbox 711 2297 870 2378; x_wconf 81' lang='lat' dir='ltr'><strong>aliquibus</strong></span> <span class='ocrx_word' id='word_1_131' title='bbox 884 2299 1033 2364; x_wconf 90' lang='lat' dir='ltr'><strong>discretis</strong></span> <span class='ocrx_word' id='word_1_132' title='bbox 1047 2299 1129 2362; x_wconf 87' lang='lat' dir='ltr'><strong>viris</strong></span> <span class='ocrx_word' id='word_1_133' title='bbox 1150 2315 1249 2378; x_wconf 88' lang='lat' dir='ltr'><strong>super</strong></span> <span class='ocrx_word' id='word_1_134' title='bbox 1265 2296 1269 2380; x_wconf 85' lang='grc' dir='ltr'>Ι</span> <span class='ocrx_word' id='word_1_135' title='bbox 1285 2297 1485 2362; x_wconf 83' lang='lat' dir='ltr'><strong>dedicatione</strong></span> <span class='ocrx_word' id='word_1_136' title='bbox 1506 2311 1581 2374; x_wconf 89' lang='lat' dir='ltr'><strong>per·</strong></span> 
     </span>
     <span class='ocr_line' id='line_1_18' title="bbox 512 2402 1582 2487; baseline -0.002 -19"><span class='ocrx_word' id='word_1_137' title='bbox 512 2419 667 2468; x_wconf 88' lang='lat' dir='ltr'><strong>sonarum</strong></span> <span class='ocrx_word' id='word_1_138' title='bbox 679 2404 865 2468; x_wconf 88' lang='lat' dir='ltr'><strong>vestrarum</strong></span> <span class='ocrx_word' id='word_1_139' title='bbox 880 2405 914 2469; x_wconf 90' lang='lat' dir='ltr'><strong>et</strong></span> <span class='ocrx_word' id='word_1_140' title='bbox 927 2407 1015 2482; x_wconf 89' lang='lat' dir='ltr'><strong>socii,</strong></span> <span class='ocrx_word' id='word_1_141' title='bbox 1025 2423 1122 2487; x_wconf 88' lang='lat' dir='ltr'><strong>quam</strong></span> <span class='ocrx_word' id='word_1_142' title='bbox 1135 2407 1232 2470; x_wconf 89' lang='lat' dir='ltr'><strong>hodie</strong></span> <span class='ocrx_word' id='word_1_143' title='bbox 1245 2409 1311 2470; x_wconf 88' lang='lat' dir='ltr'><strong>Deo</strong></span> <span class='ocrx_word' id='word_1_144' title='bbox 1325 2405 1358 2470; x_wconf 88' lang='lat' dir='ltr'><strong>et</strong></span> <span class='ocrx_word' id='word_1_145' title='bbox 1371 2404 1464 2468; x_wconf 86' lang='lat' dir='ltr'><strong>beate</strong></span> <span class='ocrx_word' id='word_1_146' title='bbox 1475 2402 1582 2466; x_wconf 88' lang='lat' dir='ltr'><strong>Maria</strong></span> 
     </span>
     <span class='ocr_line' id='line_1_19' title="bbox 512 2509 1579 2594; baseline -0.002 -22"><span class='ocrx_word' id='word_1_147' title='bbox 512 2509 611 2573; x_wconf 87' lang='lat' dir='ltr'><strong>matri</strong></span> <span class='ocrx_word' id='word_1_148' title='bbox 635 2510 717 2587; x_wconf 88' lang='lat' dir='ltr'><strong>eius,</strong></span> <span class='ocrx_word' id='word_1_149' title='bbox 743 2511 803 2575; x_wconf 92' lang='lat' dir='ltr'><strong>sub</strong></span> <span class='ocrx_word' id='word_1_150' title='bbox 829 2513 1012 2592; x_wconf 86' lang='lat' dir='ltr'><strong>proscripta</strong></span> <span class='ocrx_word' id='word_1_151' title='bbox 1037 2514 1155 2594; x_wconf 77' lang='lat' dir='ltr'><strong>regula</strong></span> <span class='ocrx_word' id='word_1_152' title='bbox 1180 2511 1381 2592; x_wconf 85' lang='lat' dir='ltr'><strong>disposuistis</strong></span> <span class='ocrx_word' id='word_1_153' title='bbox 1407 2511 1517 2574; x_wconf 87' lang='lat' dir='ltr'><strong>lacere</strong></span> <span class='ocrx_word' id='word_1_154' title='bbox 1543 2509 1579 2570; x_wconf 87' lang='lat' dir='ltr'><strong>in</strong></span> 
     </span>
     <span class='ocr_line' id='line_1_20' title="bbox 512 2615 1581 2699; baseline -0.001 -21"><span class='ocrx_word' id='word_1_155' title='bbox 512 2616 710 2680; x_wconf 87' lang='lat' dir='ltr'><strong>monasterio</strong></span> <span class='ocrx_word' id='word_1_156' title='bbox 724 2615 918 2698; x_wconf 90' lang='lat' dir='ltr'><strong>supradicto,</strong></span> <span class='ocrx_word' id='word_1_157' title='bbox 931 2619 965 2682; x_wconf 90' lang='lat' dir='ltr'><strong>et</strong></span> <span class='ocrx_word' id='word_1_158' title='bbox 978 2634 1077 2699; x_wconf 90' lang='lat' dir='ltr'><strong>super</strong></span> <span class='ocrx_word' id='word_1_159' title='bbox 1089 2618 1316 2682; x_wconf 89' lang='lat' dir='ltr'><strong>benedicendis</strong></span> <span class='ocrx_word' id='word_1_160' title='bbox 1328 2616 1474 2685; x_wconf 83' lang='lat' dir='ltr'><strong>vestibus</strong></span> <span class='ocrx_word' id='word_1_161' title='bbox 1487 2615 1581 2678; x_wconf 66' lang='lat' dir='ltr'><strong>albis.</strong></span> 
     </span>
     <span class='ocr_line' id='line_1_21' title="bbox 512 2721 1577 2804; baseline -0.003 -19"><span class='ocrx_word' id='word_1_162' title='bbox 512 2739 604 2802; x_wconf 28' lang='lat' dir='ltr'><strong>quas,</strong></span> <span class='ocrx_word' id='word_1_163' title='bbox 621 2721 754 2802; x_wconf 79' lang='lat' dir='ltr'><strong>gestare</strong></span> <span class='ocrx_word' id='word_1_164' title='bbox 784 2724 962 2798; x_wconf 89' lang='lat' dir='ltr'><strong>intenditis,</strong></span> <span class='ocrx_word' id='word_1_165' title='bbox 989 2724 1023 2789; x_wconf 88' lang='lat' dir='ltr'><strong>et</strong></span> <span class='ocrx_word' id='word_1_166' title='bbox 1049 2741 1148 2804; x_wconf 92' lang='lat' dir='ltr'><strong>super</strong></span> <span class='ocrx_word' id='word_1_167' title='bbox 1178 2724 1348 2788; x_wconf 89' lang='lat' dir='ltr'><strong>induendis</strong></span> <span class='ocrx_word' id='word_1_168' title='bbox 1378 2721 1456 2803; x_wconf 91' lang='lat' dir='ltr'><strong>ipsis</strong></span> <span class='ocrx_word' id='word_1_169' title='bbox 1483 2722 1577 2784; x_wconf 87' lang='lat' dir='ltr'><strong>iuxta</strong></span> 
     </span>
     <span class='ocr_line' id='line_1_22' title="bbox 511 2827 1577 2912; baseline -0.003 -21"><span class='ocrx_word' id='word_1_170' title='bbox 511 2844 635 2892; x_wconf 92' lang='lat' dir='ltr'><strong>morem</strong></span> <span class='ocrx_word' id='word_1_171' title='bbox 663 2831 795 2894; x_wconf 89' lang='lat' dir='ltr'><strong>solitum</strong></span> <span class='ocrx_word' id='word_1_172' title='bbox 822 2831 1067 2905; x_wconf 90' lang='lat' dir='ltr'><strong>monachorum,</strong></span> <span class='ocrx_word' id='word_1_173' title='bbox 1092 2846 1219 2896; x_wconf 86' lang='lat' dir='ltr'><strong>necnon</strong></span> <span class='ocrx_word' id='word_1_174' title='bbox 1236 2829 1240 2912; x_wconf 89' lang='grc' dir='ltr'>Ι</span> <span class='ocrx_word' id='word_1_175' title='bbox 1256 2846 1356 2910; x_wconf 92' lang='lat' dir='ltr'><strong>super</strong></span> <span class='ocrx_word' id='word_1_176' title='bbox 1381 2829 1519 2892; x_wconf 83' lang='lat' dir='ltr'><strong>videndo</strong></span> <span class='ocrx_word' id='word_1_177' title='bbox 1543 2827 1577 2888; x_wconf 90' lang='lat' dir='ltr'><strong>in</strong></span> 
     </span>
     <span class='ocr_line' id='line_1_23' title="bbox 511 2933 1577 3011; baseline -0.004 -13"><span class='ocrx_word' id='word_1_178' title='bbox 511 2937 631 3009; x_wconf 78' lang='lat' dir='ltr'><strong>Accua,</strong></span> <span class='ocrx_word' id='word_1_179' title='bbox 646 2936 680 2999; x_wconf 89' lang='lat' dir='ltr'><strong>et</strong></span> <span class='ocrx_word' id='word_1_180' title='bbox 692 2935 871 3000; x_wconf 89' lang='lat' dir='ltr'><strong>ordinando</strong></span> <span class='ocrx_word' id='word_1_181' title='bbox 887 2938 1003 3011; x_wconf 92' lang='lat' dir='ltr'><strong>locum,</strong></span> <span class='ocrx_word' id='word_1_182' title='bbox 1016 2937 1134 3000; x_wconf 88' lang='lat' dir='ltr'><strong>ibidem</strong></span> <span class='ocrx_word' id='word_1_183' title='bbox 1147 2937 1366 3001; x_wconf 89' lang='lat' dir='ltr'><strong>construendo</strong></span> <span class='ocrx_word' id='word_1_184' title='bbox 1380 2933 1577 2998; x_wconf 86' lang='lat' dir='ltr'><strong>monasterio</strong></span> 
     </span>
     <span class='ocr_line' id='line_1_24' title="bbox 512 3039 1577 3122; baseline -0.004 -18"><span class='ocrx_word' id='word_1_185' title='bbox 512 3041 616 3121; x_wconf 81' lang='lat' dir='ltr'><strong>magis</strong></span> <span class='ocrx_word' id='word_1_186' title='bbox 644 3049 765 3122; x_wconf 88' lang='lat' dir='ltr'><strong>aptum,</strong></span> <span class='ocrx_word' id='word_1_187' title='bbox 792 3045 826 3106; x_wconf 90' lang='lat' dir='ltr'><strong>et</strong></span> <span class='ocrx_word' id='word_1_188' title='bbox 845 3059 944 3122; x_wconf 89' lang='lat' dir='ltr'><strong>super</strong></span> <span class='ocrx_word' id='word_1_189' title='bbox 963 3043 1128 3122; x_wconf 71' lang='lat' dir='ltr'><strong>infigendo</strong></span> <span class='ocrx_word' id='word_1_190' title='bbox 1147 3044 1183 3106; x_wconf 93' lang='lat' dir='ltr'><strong>in</strong></span> <span class='ocrx_word' id='word_1_191' title='bbox 1202 3043 1259 3106; x_wconf 93' lang='lat' dir='ltr'><strong>illo</strong></span> <span class='ocrx_word' id='word_1_192' title='bbox 1286 3057 1428 3116; x_wconf 89' lang='lat' dir='ltr'><strong>crucem,</strong></span> <span class='ocrx_word' id='word_1_193' title='bbox 1448 3039 1577 3104; x_wconf 89' lang='lat' dir='ltr'><strong>benedi-</strong></span> 
     </span>
     <span class='ocr_line' id='line_1_25' title="bbox 511 3146 1576 3228; baseline -0.001 -20"><span class='ocrx_word' id='word_1_194' title='bbox 511 3147 652 3212; x_wconf 86' lang='lat' dir='ltr'><strong>ctionem</strong></span> <span class='ocrx_word' id='word_1_195' title='bbox 672 3148 742 3212; x_wconf 85' lang='lat' dir='ltr'><strong>sive</strong></span> <span class='ocrx_word' id='word_1_196' title='bbox 762 3148 943 3213; x_wconf 87' lang='lat' dir='ltr'><strong>orationem</strong></span> <span class='ocrx_word' id='word_1_197' title='bbox 963 3148 1167 3228; x_wconf 82' lang='lat' dir='ltr'><strong>proterendo,</strong></span> <span class='ocrx_word' id='word_1_198' title='bbox 1187 3164 1227 3212; x_wconf 91' lang='lat' dir='ltr'><strong>ac</strong></span> <span class='ocrx_word' id='word_1_199' title='bbox 1241 3163 1300 3228; x_wconf 87' lang='lat' dir='ltr'><strong>per</strong></span> <span class='ocrx_word' id='word_1_200' title='bbox 1313 3163 1373 3210; x_wconf 89' lang='lat' dir='ltr'><strong>nos</strong></span> <span class='ocrx_word' id='word_1_201' title='bbox 1387 3146 1576 3211; x_wconf 88' lang='lat' dir='ltr'><strong>benedicen-</strong></span> 
     </span>
     <span class='ocr_line' id='line_1_26' title="bbox 510 3251 1576 3348; baseline 0.001 -35"><span class='ocrx_word' id='word_1_202' title='bbox 510 3251 586 3316; x_wconf 93' lang='lat' dir='ltr'><strong>dum</strong></span> <span class='ocrx_word' id='word_1_203' title='bbox 606 3253 743 3332; x_wconf 88' lang='lat' dir='ltr'><strong>lapidem</strong></span> <span class='ocrx_word' id='word_1_204' title='bbox 764 3255 955 3334; x_wconf 90' lang='lat' dir='ltr'><strong>primarium</strong></span> <span class='ocrx_word' id='word_1_205' title='bbox 975 3255 1281 3348; x_wconf 38' lang='lat' dir='ltr'><strong>imponendokvices</strong></span> <span class='ocrx_word' id='word_1_206' title='bbox 1300 3252 1431 3317; x_wconf 88' lang='lat' dir='ltr'><strong>nostras</strong></span> <span class='ocrx_word' id='word_1_207' title='bbox 1445 3252 1576 3316; x_wconf 93' lang='lat' dir='ltr'><strong>commi·</strong></span> 
     </span>
     <span class='ocr_line' id='line_1_27' title="bbox 509 3351 1578 3442; baseline 0 -22"><span class='ocrx_word' id='word_1_208' title='bbox 509 3359 582 3422; x_wconf 89' lang='lat' dir='ltr'><strong>tere</strong></span> <span class='ocrx_word' id='word_1_209' title='bbox 602 3359 803 3424; x_wconf 89' lang='lat' dir='ltr'><strong>deberemus.</strong></span> <span class='ocrx_word' id='word_1_210' title='bbox 816 3363 954 3440; x_wconf 88' lang='lat' dir='ltr'><strong>Insuper</strong></span> <span class='ocrx_word' id='word_1_211' title='bbox 973 3376 1092 3440; x_wconf 84' lang='lat' dir='ltr'><strong>exemp</strong></span> <span class='ocrx_word' id='word_1_212' title='bbox 1108 3358 1113 3442; x_wconf 90' lang='grc' dir='ltr'>Ι</span> <span class='ocrx_word' id='word_1_213' title='bbox 1129 3360 1234 3424; x_wconf 88' lang='lat' dir='ltr'><strong>tiones</strong></span> <span class='ocrx_word' id='word_1_214' title='bbox 1254 3351 1356 3440; x_wconf 81' lang='lat' dir='ltr'><strong>ipsine</strong></span> <span class='ocrx_word' id='word_1_215' title='bbox 1376 3357 1578 3432; x_wconf 89' lang='lat' dir='ltr'><strong>monasterii,</strong></span> 
     </span>
     <span class='ocr_line' id='line_1_28' title="bbox 512 3463 1578 3545; baseline 0.002 -19"><span class='ocrx_word' id='word_1_216' title='bbox 512 3463 545 3526; x_wconf 89' lang='lat' dir='ltr'><strong>et</strong></span> <span class='ocrx_word' id='word_1_217' title='bbox 565 3463 631 3527; x_wconf 89' lang='lat' dir='ltr'><strong>alia</strong></span> <span class='ocrx_word' id='word_1_218' title='bbox 650 3465 684 3528; x_wconf 94' lang='lat' dir='ltr'><strong>in</strong></span> <span class='ocrx_word' id='word_1_219' title='bbox 710 3465 865 3545; x_wconf 87' lang='lat' dir='ltr'><strong>politione</strong></span> <span class='ocrx_word' id='word_1_220' title='bbox 891 3467 1005 3530; x_wconf 80' lang='lat' dir='ltr'><strong>vestra</strong></span> <span class='ocrx_word' id='word_1_221' title='bbox 1024 3465 1188 3540; x_wconf 86' lang='lat' dir='ltr'><strong>contenta,</strong></span> <span class='ocrx_word' id='word_1_222' title='bbox 1209 3482 1268 3545; x_wconf 90' lang='lat' dir='ltr'><strong>per</strong></span> <span class='ocrx_word' id='word_1_223' title='bbox 1288 3465 1498 3545; x_wconf 83' lang='lat' dir='ltr'><strong>privilegium</strong></span> <span class='ocrx_word' id='word_1_224' title='bbox 1522 3481 1578 3528; x_wconf 89' lang='lat' dir='ltr'><strong>no·</strong></span> 
     </span>
     <span class='ocr_line' id='line_1_29' title="bbox 511 3570 1576 3651; baseline 0 -21"><span class='ocrx_word' id='word_1_225' title='bbox 511 3570 627 3644; x_wconf 88' lang='lat' dir='ltr'><strong>strum,</strong></span> <span class='ocrx_word' id='word_1_226' title='bbox 647 3572 688 3635; x_wconf 91' lang='lat' dir='ltr'><strong>de</strong></span> <span class='ocrx_word' id='word_1_227' title='bbox 707 3587 842 3636; x_wconf 88' lang='lat' dir='ltr'><strong>assensn</strong></span> <span class='ocrx_word' id='word_1_228' title='bbox 862 3573 998 3651; x_wconf 79' lang='lat' dir='ltr'><strong>capituli</strong></span> <span class='ocrx_word' id='word_1_229' title='bbox 1019 3572 1133 3646; x_wconf 87' lang='lat' dir='ltr'><strong>nostri,</strong></span> <span class='ocrx_word' id='word_1_230' title='bbox 1154 3572 1332 3637; x_wconf 88' lang='lat' dir='ltr'><strong>concedere</strong></span> <span class='ocrx_word' id='word_1_231' title='bbox 1355 3571 1576 3651; x_wconf 82' lang='lat' dir='ltr'><strong>dignaremur.</strong></span> 
     </span>
     <span class='ocr_line' id='line_1_30' title="bbox 510 3675 1576 3757; baseline 0.003 -21"><span class='ocrx_word' id='word_1_232' title='bbox 510 3675 577 3737; x_wconf 89' lang='lat' dir='ltr'><strong>Nos</strong></span> <span class='ocrx_word' id='word_1_233' title='bbox 597 3677 707 3740; x_wconf 86' lang='lat' dir='ltr'><strong>autem</strong></span> <span class='ocrx_word' id='word_1_234' title='bbox 728 3676 970 3742; x_wconf 87' lang='lat' dir='ltr'><strong>considerantes</strong></span> <span class='ocrx_word' id='word_1_235' title='bbox 982 3678 1094 3743; x_wconf 84' lang='lat' dir='ltr'><strong>vestre</strong></span> <span class='ocrx_word' id='word_1_236' title='bbox 1112 3678 1230 3741; x_wconf 85' lang='lat' dir='ltr'><strong>marita</strong></span> <span class='ocrx_word' id='word_1_237' title='bbox 1250 3677 1431 3757; x_wconf 87' lang='lat' dir='ltr'><strong>probitatis,</strong></span> <span class='ocrx_word' id='word_1_238' title='bbox 1444 3677 1479 3740; x_wconf 88' lang='lat' dir='ltr'><strong>ct</strong></span> <span class='ocrx_word' id='word_1_239' title='bbox 1492 3676 1576 3756; x_wconf 91' lang='lat' dir='ltr'><strong>quod</strong></span> 
     </span>
    </p>
   </div>
   <div class='ocr_carea' id='block_1_5' title="bbox 393 3780 1580 3864">
    <p class='ocr_par' dir='ltr' id='par_1_5' title="bbox 393 3780 1580 3864">
     <span class='ocr_line' id='line_1_31' title="bbox 393 3780 1580 3864; baseline 0.003 -23"><span class='ocrx_word' id='word_1_240' title='bbox 393 3855 396 3862; x_wconf 14' lang='lat' dir='ltr'>A</span> <span class='ocrx_word' id='word_1_241' title='bbox 511 3795 555 3843; x_wconf 85' lang='lat' dir='ltr'><strong>ex</strong></span> <span class='ocrx_word' id='word_1_242' title='bbox 579 3781 765 3846; x_wconf 87' lang='lat' dir='ltr'><strong>transactis·</strong></span> <span class='ocrx_word' id='word_1_243' title='bbox 784 3785 936 3863; x_wconf 88' lang='lat' dir='ltr'><strong>operibus</strong></span> <span class='ocrx_word' id='word_1_244' title='bbox 963 3784 1060 3864; x_wconf 79' lang='lat' dir='ltr'><strong>digne</strong></span> <span class='ocrx_word' id='word_1_245' title='bbox 1086 3783 1190 3847; x_wconf 89' lang='lat' dir='ltr'><strong>laudis</strong></span> <span class='ocrx_word' id='word_1_246' title='bbox 1217 3783 1361 3862; x_wconf 82' lang='lat' dir='ltr'><strong>insignia</strong></span> <span class='ocrx_word' id='word_1_247' title='bbox 1391 3780 1580 3862; x_wconf 87' lang='lat' dir='ltr'><strong>reportatis,</strong></span> 
     </span>
    </p>
   </div>
   <div class='ocr_carea' id='block_1_6' title="bbox 510 3887 1579 4388">
    <p class='ocr_par' dir='ltr' id='par_1_6' title="bbox 510 3887 1579 4388">
     <span class='ocr_line' id='line_1_32' title="bbox 510 3887 1579 3970; baseline 0.002 -22"><span class='ocrx_word' id='word_1_248' title='bbox 510 3887 752 3953; x_wconf 86' lang='lat' dir='ltr'><strong>considerantes</strong></span> <span class='ocrx_word' id='word_1_249' title='bbox 771 3890 879 3964; x_wconf 86' lang='lat' dir='ltr'><strong>etiam,</strong></span> <span class='ocrx_word' id='word_1_250' title='bbox 899 3891 983 3970; x_wconf 91' lang='lat' dir='ltr'><strong>qnod</strong></span> <span class='ocrx_word' id='word_1_251' title='bbox 1003 3907 1048 3954; x_wconf 84' lang='lat' dir='ltr'><strong>ex</strong></span> <span class='ocrx_word' id='word_1_252' title='bbox 1067 3888 1267 3954; x_wconf 87' lang='lat' dir='ltr'><strong>dedicatione</strong></span> <span class='ocrx_word' id='word_1_253' title='bbox 1282 3887 1287 3970; x_wconf 88' lang='grc' dir='ltr'>Ι</span> <span class='ocrx_word' id='word_1_254' title='bbox 1303 3889 1425 3968; x_wconf 84' lang='lat' dir='ltr'><strong>vestra,</strong></span> <span class='ocrx_word' id='word_1_255' title='bbox 1453 3887 1487 3950; x_wconf 89' lang='lat' dir='ltr'><strong>et</strong></span> <span class='ocrx_word' id='word_1_256' title='bbox 1507 3903 1579 3951; x_wconf 89' lang='lat' dir='ltr'><strong>ere·</strong></span> 
     </span>
     <span class='ocr_line' id='line_1_33' title="bbox 511 3992 1578 4076; baseline 0.003 -22"><span class='ocrx_word' id='word_1_257' title='bbox 511 3992 618 4058; x_wconf 87' lang='lat' dir='ltr'><strong>ctione</strong></span> <span class='ocrx_word' id='word_1_258' title='bbox 642 3995 831 4058; x_wconf 90' lang='lat' dir='ltr'><strong>monasterii</strong></span> <span class='ocrx_word' id='word_1_259' title='bbox 851 3995 1014 4076; x_wconf 88' lang='lat' dir='ltr'><strong>sepedicti,</strong></span> <span class='ocrx_word' id='word_1_260' title='bbox 1033 3995 1179 4060; x_wconf 84' lang='lat' dir='ltr'><strong>Ecclesia</strong></span> <span class='ocrx_word' id='word_1_261' title='bbox 1198 3995 1257 4058; x_wconf 89' lang='lat' dir='ltr'><strong>Dei</strong></span> <span class='ocrx_word' id='word_1_262' title='bbox 1277 3994 1458 4068; x_wconf 84' lang='lat' dir='ltr'><strong>extollitur,</strong></span> <span class='ocrx_word' id='word_1_263' title='bbox 1479 4009 1578 4074; x_wconf 78' lang='lat' dir='ltr'><strong>auge·</strong></span> 
     </span>
     <span class='ocr_line' id='line_1_34' title="bbox 511 4098 1578 4182; baseline 0.002 -22"><span class='ocrx_word' id='word_1_264' title='bbox 511 4098 600 4161; x_wconf 91' lang='lat' dir='ltr'><strong>bitur</strong></span> <span class='ocrx_word' id='word_1_265' title='bbox 619 4100 726 4164; x_wconf 90' lang='lat' dir='ltr'><strong>cultus</strong></span> <span class='ocrx_word' id='word_1_266' title='bbox 741 4099 880 4177; x_wconf 83' lang='lat' dir='ltr'><strong>divinus,</strong></span> <span class='ocrx_word' id='word_1_267' title='bbox 895 4102 1027 4182; x_wconf 89' lang='lat' dir='ltr'><strong>ipseque</strong></span> <span class='ocrx_word' id='word_1_268' title='bbox 1040 4101 1190 4166; x_wconf 81' lang='lat' dir='ltr'><strong>Ghristus</strong></span> <span class='ocrx_word' id='word_1_269' title='bbox 1210 4102 1244 4165; x_wconf 91' lang='lat' dir='ltr'><strong>et</strong></span> <span class='ocrx_word' id='word_1_270' title='bbox 1256 4101 1327 4164; x_wconf 92' lang='lat' dir='ltr'><strong>eius</strong></span> <span class='ocrx_word' id='word_1_271' title='bbox 1341 4101 1448 4163; x_wconf 87' lang='lat' dir='ltr'><strong>mater</strong></span> <span class='ocrx_word' id='word_1_272' title='bbox 1469 4099 1578 4162; x_wconf 86' lang='lat' dir='ltr'><strong>lauda-</strong></span> 
     </span>
     <span class='ocr_line' id='line_1_35' title="bbox 511 4203 1577 4287; baseline 0.003 -23"><span class='ocrx_word' id='word_1_273' title='bbox 511 4203 609 4280; x_wconf 89' lang='lat' dir='ltr'><strong>bitur,</strong></span> <span class='ocrx_word' id='word_1_274' title='bbox 630 4207 896 4286; x_wconf 91' lang='lat' dir='ltr'><strong>multiplicabitur</strong></span> <span class='ocrx_word' id='word_1_275' title='bbox 915 4208 950 4270; x_wconf 91' lang='lat' dir='ltr'><strong>in</strong></span> <span class='ocrx_word' id='word_1_276' title='bbox 972 4208 1121 4272; x_wconf 89' lang='lat' dir='ltr'><strong>cordibus</strong></span> <span class='ocrx_word' id='word_1_277' title='bbox 1141 4208 1175 4271; x_wconf 89' lang='lat' dir='ltr'><strong>ct</strong></span> <span class='ocrx_word' id='word_1_278' title='bbox 1194 4207 1327 4287; x_wconf 79' lang='lat' dir='ltr'><strong>organis</strong></span> <span class='ocrx_word' id='word_1_279' title='bbox 1350 4205 1577 4286; x_wconf 90' lang='lat' dir='ltr'><strong>plurimorum,</strong></span> 
     </span>
     <span class='ocr_line' id='line_1_36' title="bbox 510 4311 1576 4388; baseline 0.001 -15"><span class='ocrx_word' id='word_1_280' title='bbox 510 4311 698 4388; x_wconf 90' lang='lat' dir='ltr'><strong>petitionem</strong></span> <span class='ocrx_word' id='word_1_281' title='bbox 718 4314 864 4378; x_wconf 81' lang='lat' dir='ltr'><strong>vestram</strong></span> <span class='ocrx_word' id='word_1_282' title='bbox 884 4331 928 4378; x_wconf 86' lang='lat' dir='ltr'><strong>ex</strong></span> <span class='ocrx_word' id='word_1_283' title='bbox 948 4316 1041 4379; x_wconf 89' lang='lat' dir='ltr'><strong>certa</strong></span> <span class='ocrx_word' id='word_1_284' title='bbox 1066 4313 1211 4388; x_wconf 88' lang='lat' dir='ltr'><strong>scientia,</strong></span> <span class='ocrx_word' id='word_1_285' title='bbox 1233 4313 1385 4376; x_wconf 83' lang='lat' dir='ltr'><strong>duximus</strong></span> <span class='ocrx_word' id='word_1_286' title='bbox 1405 4311 1576 4375; x_wconf 88' lang='lat' dir='ltr'><strong>admitten-</strong></span> 
     </span>
    </p>
   </div>
   <div class='ocr_carea' id='block_1_7' title="bbox 0 0 1828 5520">
    <p class='ocr_par' dir='ltr' id='par_1_7' title="bbox 0 0 1828 5520">
     <span class='ocr_line' id='line_1_37' title="bbox 0 0 1828 5520; baseline 0 1"><span class='ocrx_word' id='word_1_287' title='bbox 0 0 1828 5520; x_wconf 95' lang='lat' dir='ltr'><strong> </strong></span> 
     </span>
    </p>
   </div>
  </div>
 </body>
</html>
