3642 5510
214 650 1333 872 Qfflffiffi

488 1265 1073 1460 nullumne

291 1577 344 1678 ΙΝ
378 1575 726 1677 SPICILEGIUM
759 1574 1275 1676 MONTOLIVETENSE
1434 1614 1440 1625 ·

650 1805 916 1814 ————-—---

798 2111 904 2160 Profert
919 2101 953 2161 de
968 2110 1096 2160 thesauro
1112 2125 1160 2160 suo

998 2194 1068 2241 Nova
1083 2199 1107 2240 et
1129 2195 1222 2241 Vetera.

973 2273 1096 2335 (Mutum,
1112 2273 1189 2335 XIII,
1205 2272 1253 2334 52).

292 2493 394 2579 Quae,
425 2495 489 2562 hoo
518 2493 700 2577 volumine,
732 2492 882 2582 aliisque,
906 2493 1002 2561 brevi
1030 2493 1205 2560 interiecto
1234 2500 1316 2559 tem·

247 2633 336 2700 pore,
367 2609 595 2698 sequentibus,
627 2610 691 2676 sub
731 2640 746 2668 α
773 2609 946 2697 Spieilegii
976 2609 1267 2677 Montolivetensis
1293 2639 1308 2668 »

246 2726 358 2811 titulo,
382 2731 603 2793 monumenta
624 2726 719 2793 edere
741 2726 839 2793 modo
862 2725 1051 2813 incipimus,
1075 2726 1117 2791 ad
1139 2725 1315 2792 historiam

246 2853 281 2908 et
298 2843 354 2930 jus
377 2841 657 2929 congregationis
686 2842 929 2942 Moneohorum
952 2841 1079 2909 Montis
1102 2841 1228 2910 Oliveti
1250 2841 1315 2907 rite

245 2958 509 3043 desembendum,
533 2959 702 3047 pertinere
724 2964 920 3025 noscuntur.
937 2957 989 3024 Ee
1012 2957 1137 3046 quippe
1152 2980 1247 3026 mens
1263 2964 1315 3024 est

246 3074 283 3142 in
305 3074 396 3142 hisee
418 3075 511 3164 typis
533 3075 744 3163 evulgandis,
760 3081 800 3140 ut
815 3080 889 3140 tum
913 3073 1079 3160 generalis
1102 3073 1243 3141 historie
1265 3095 1315 3140 or·

245 3189 344 3276 dinis,
367 3197 442 3258 tum
465 3191 677 3278 singulorum
699 3189 980 3258 monasteriorum
1002 3189 1126 3256 notitia
1140 3189 1314 3278 potissime

245 3311 420 3394 augeatur,
451 3307 783 3395 emolumentumque
812 3306 953 3395 recipiet
978 3327 1049 3373 non
1076 3306 1312 3394 spernendum.

245 3419 302 3490 Ad
323 3423 414 3510 quod
435 3422 667 3509 obtinendum,
691 3445 731 3490 ee
753 3423 867 3491 omnis
888 3445 975 3511 quse
997 3421 1253 3510 splendidi0rem
1276 3421 1314 3497 in

244 3538 353 3624 rebus,
377 3537 485 3625 foetis,
508 3540 659 3628 virisque
680 3539 818 3627 ingenio
837 3539 1033 3626 virtuteque
1054 3537 1250 3606 clarioribus
1266 3537 1315 3604 lu-

244 3676 315 3720 eem
341 3655 526 3722 immittere
556 3661 709 3744 possunt,
732 3655 883 3722 conferre
913 3655 1082 3724 videntur.
1114 3653 1211 3734 Quod
1233 3675 1314 3721 sene

244 3771 362 3858 magni
383 3772 548 3839 momenti
569 3771 761 3851 faciendum
783 3777 843 3838 est.

288 3885 363 3966 Qua
384 3893 499 3954 autem
521 3887 653 3955 ratione
667 3909 759 3954 nune
774 3887 816 3954 ed
831 3887 913 3953 hese
935 3909 1076 3954 menum
1098 3891 1313 3973 mentemque

243 4001 431 4072 admovisse
453 4002 617 4089 videmur,
641 4003 724 4070 setis
754 4025 920 4092 superque
948 4004 1085 4072 cordato
1107 4001 1181 4072 viro
1207 4006 1311 4090 patet.

243 4117 332 4186 Nam
354 4119 493 4186 ethaeo
514 4125 566 4186 est
587 4125 722 4188 nostrae
744 4119 865 4186 aetatis
895 4119 1148 4188 evidentissime
1174 4117 1311 4201 indoles,

243 4239 283 4300 ut
305 4235 419 4303 omnie
441 4227 481 4301 et'
492 4235 636 4322 singule,
653 4235 758 4322 digne
773 4235 990 4323 indigneque,
1007 4236 1097 4302 olere
1112 4240 1146 4302 et
1161 4235 1311 4317 obseura,

242 4351 501 4438 perlustrentur,
524 4351 786 4440 investigentur,
810 4351 988 4439 studioque
1010 4351 1166 4418 veritatis
1187 4351 1225 4416 in
1239 4371 1313 4437 pro·

244 4467 360 4554 patulo
383 4489 404 4536 e
426 4468 547 4555 quovis
569 4468 765 4536 efferentur.
789 4466 886 4548 Quod
908 4467 1044 4555 quidem
1066 4473 1101 4534 et
1124 4467 1196 4554 ipse
1218 4463 1312 4532 Sum-
