3646 5520
1026 919 1079 980 lv.

1169 1101 1269 1153 mnes
1285 1101 1354 1164 meo,
1370 1103 1436 1152 mm
1453 1103 1491 1152 ιτ.

561 1223 949 1334 rememorationem
980 1273 1098 1334 caum
1115 1271 1147 1333 o
1165 1273 1329 1334 necemus
1355 1271 1538 1348 eunoun,
1561 1287 1584 1333 a

518 1376 663 1438 &moto
688 1377 859 1451 Pontinos,
885 1377 1163 1454 Cononepottonte
1190 1377 1381 1441 ouononoe
1405 1379 1583 1450 Reforma-

515 1479 605 1544 torcs
625 1482 729 1554 eoeott,
750 1485 920 1558 rumdam
938 1483 1174 1547 innovationes
1193 1483 1381 1546 monent
1393 1481 1451 1562 (1).
1514 1549 1519 1558 ,

730 1661 824 1740 [Orig.
844 1663 878 1722 in
896 1665 1053 1724 Rnomrn.
1073 1664 1221 1740 onum,
1242 1665 1288 1739 11,
1307 1663 1365 1742 251.

555 1841 725 1922 Antonius,
738 1841 828 1906 tituli
841 1843 946 1908 sencd
965 1843 1124 1918 Marcelli,
1145 1843 1180 1908 et
1192 1843 1356 1918 Nicolaus,
1368 1842 1457 1908 tituli
1471 1843 1582 1907 sancte

515 1947 628 2012 crucis
647 1949 683 2010 ln
702 1949 894 2024 Jerusalem,
914 1949 1027 2014 sancte
1046 1953 1192 2014 Romane
1212 1950 1357 2014 Ecclesia
1374 1949 1583 2013 miseratione

514 2053 626 2118 divine
645 2055 819 2135 presbiteri
839 2057 1032 2131 cardinales,
1052 2057 1266 2121 commissarii
1286 2057 1327 2120 ad
1343 2055 1348 2138 Ι
1363 2057 1582 2135 infrascripta,

515 2161 550 2224 et
569 2161 660 2236 alias,
673 2162 907 2228 reformatores
927 2165 1099 2244 generales
1120 2165 1244 2226 ordinis
1264 2162 1507 2237 Montisoliveti,
1527 2179 1581 2226 au·

514 2265 666 2332 ctoritate
686 2269 863 2350 apostolica
881 2271 1036 2350 deputati,
1050 2271 1231 2336 venerabili
1244 2271 1331 2351 patri
1340 2317 1347 2332 .
1357 2317 1381 2332 ..
1395 2271 1505 2333 abbati
1517 2286 1582 2333 mo-

512 2375 651 2439 nasterii
670 2375 913 2452 Montieoliveti,
934 2394 974 2441 ac
993 2377 1137 2442 eiusdem
1158 2378 1193 2442 et
1211 2379 1352 2442 aliorum
1371 2376 1580 2442 monasterio·

513 2497 588 2543 rum
604 2479 609 2562 Ι
625 2482 761 2561 predicti
775 2483 908 2558 ordinis,
922 2487 1068 2548 Romane
1081 2485 1226 2549 Ecclesie
1239 2483 1424 2548 immediate
1437 2482 1581 2555 subiecti,

514 2587 686 2666 prioribus,
707 2589 741 2652 et
760 2589 919 2652 tratribus
946 2590 1121 2665 universis,
1141 2591 1279 2655 salutem
1306 2591 1341 2654 et
1365 2591 1527 2654 sinceram
1547 2588 1580 2650 in
1663 2599 1665 2606 ·

513 2694 649 2757 Domino
668 2695 849 2760 ceritatem.

552 2801 664 2864 Omnis
683 2818 766 2865 uera
785 2803 911 2883 religio,
933 2803 967 2866 et
986 2803 1151 2884 regularis
1175 2803 1244 2866 vite
1267 2801 1430 2866 institutio
1449 2801 1581 2881 ap[pro·

512 2907 598 2980 bata,
618 2908 732 2987 certis]
751 2907 756 2989 Ι
773 2909 927 2972 constare
946 2909 1041 2973 debet
1060 2909 1243 2989 repauset
1263 2908 1436 2980 mensuris,
1450 2923 1489 2970 ac
1503 2907 1581 2986 legi·

513 3013 582 3086 bus,
602 3015 781 3094 exquibus
802 3031 949 3094 persone,
969 3016 1004 3077 in
1025 3031 1063 3080 ea
1085 3015 1251 3096 degentes,
1271 3014 1306 3078 et
1325 3014 1505 3093 spiritualis
1529 3029 1580 3076 ca-

512 3119 663 3183 stimonie
683 3122 940 3196 sanctimoniam,
959 3138 999 3185 ec
1019 3123 1110 3185 recte
1130 3121 1262 3184 vivendi
1289 3120 1580 3195 conversationem,
1597 3111 1601 3122 '

511 3227 546 3289 et
558 3227 688 3290 modum
701 3229 878 3302 assumant,
893 3244 944 3302 ne,
961 3227 966 3310 Ι
982 3229 1067 3308 quod
1081 3227 1174 3303 absit,
1188 3244 1247 3308 per
1260 3227 1391 3307 proprie
1403 3227 1580 3306 voluptatis

511 3334 658 3408 abusum,
677 3350 698 3396 a
717 3335 773 3397 via
792 3336 1008 3408 rectitudinis,
1028 3336 1062 3398 in
1083 3335 1214 3398 devium
1234 3335 1436 3408 oberrantes,
1453 3335 1488 3396 in
1509 3351 1582 3413 pre-

511 3439 656 3518 cipitium
676 3440 812 3515 cedunt:
833 3441 889 3504 sed
910 3442 992 3505 sciat
1004 3457 1198 3521 unaqueque
1212 3441 1366 3520 ipsarum,
1381 3441 1457 3520 quid
1471 3456 1580 3520 agere,

511 3545 631 3625 quidne
650 3545 750 3609 eliam
765 3547 880 3612 debeat
899 3547 939 3610 de
956 3546 961 3628 Ι
977 3547 1094 3610 vitare.
1116 3549 1230 3638 Nuper
1254 3548 1412 3628 siquidem
1432 3545 1474 3610 ud
1493 3547 1582 3609 audi-

510 3652 581 3714 tum
601 3651 797 3716 sanctissimi
816 3654 850 3716 in
872 3653 1003 3717 Ohristo
1023 3653 1126 3733 patrie
1142 3655 1176 3718 et
1189 3653 1298 3718 domni
1318 3654 1425 3718 nostri
1444 3653 1579 3717 Martini

546 3897 586 3972 (1)
603 3897 671 3956 Heu
688 3898 723 3956 in
740 3899 915 3973 appendice,
939 3899 1199 3972 Reformaticnes,
1220 3917 1301 3956 anno
1320 3899 1400 3972 1430,
1427 3901 1577 3971 invectas,

509 3985 626 4044 referre
646 3987 775 4061 placuit,
796 3993 835 4044 ut
851 3989 1006 4063 specimen
1030 3988 1183 4064 quoddam
1206 3987 1318 4045 harum
1341 3988 1578 4046 innovationum

510 4072 719 4131 exhiberetur.
739 4077 887 4134 Attamen
904 4077 1092 4136 monendum
1104 4082 1152 4136 est
1169 4077 1253 4151 quod
1264 4095 1344 4134 anno
1358 4079 1429 4134 1432
1440 4078 1487 4152 (31
1500 4096 1579 4135 mar·

509 4161 558 4234 tii,
578 4161 735 4221 Rnuisra.
755 4163 899 4238 onmem,
920 4167 962 4238 Π,
981 4168 1038 4240 22),
1057 4167 1235 4240 iterumque
1253 4185 1336 4224 anno
1357 4167 1429 4222 1438
1446 4168 1473 4238 Ι1
1493 4166 1575 4240 maii,

510 4250 667 4308 Rumam.
688 4251 829 4322 Onvnr„
842 4253 884 4327 11,
897 4256 953 4328 24),
967 4273 1022 4329 per
1040 4256 1162 4314 eosdem
1180 4255 1412 4314 Reformatoree
1425 4255 1504 4314 eliae
1516 4255 1577 4314 edi-

511 4343 562 4397 tae
579 4345 655 4398 eunt
672 4341 924 4402 constitutiones.
