3642 5510
254 674 1354 934 QQQQ

294 1431 593 1533 PROLOGUS
615 1433 893 1535 AUCTORlS
918 1434 973 1534 IN
997 1434 1314 1538 CHRONICON

310 2099 472 2162 Antonius
499 2100 709 2180 B[argensis]
739 2101 952 2180 M[onachus]
977 2099 1026 2180 (a)
1057 2099 1273 2164 Dilectissimo
1300 2103 1335 2162 in
1402 2105 1452 2150 ¹²01·
1462 2107 1481 2148 1·

271 2205 402 2270 Christo
430 2207 495 2270 lilio
521 2208 663 2270 Johanni
690 2208 730 2270 de
758 2207 895 2270 Marcha
915 2209 1008 2270 Nova
1034 2206 1092 2287 (1),
1120 2207 1267 2270 salutem.
1297 2210 1335 2269 ln

271 2314 430 2392 preterito
445 2313 450 2396 Ι
467 2314 594 2394 quidem
621 2330 717 2388 anno,
744 2313 818 2376 dum
845 2330 912 2376 una
935 2331 1009 2376 cum
1029 2313 1144 2377 abbate
1164 2315 1283 2394 nostro
1299 2314 1334 2376 in
1388 2336 1522 2380 rennues

272 2421 382 2499 partes
402 2423 528 2484 Veneto
543 2421 547 2502 Ι
564 2439 647 2496 rum,
669 2423 794 2485 visendi
815 2439 914 2484 causa
934 2423 1105 2496 venissem,
1125 2423 1184 2484 tibi
1198 2439 1218 2484 a
1232 2439 1283 2485 me
1298 2422 1333 2484 in
1359 2405 1523 2524 ξζέᾗζοῖᾛ

271 2526 439 2606 provincia
458 2528 562 2588 Flami
579 2525 583 2607 Ι
599 2529 653 2590 nie
673 2527 883 2606 compositum
901 2529 1002 2590 detuli
1016 2529 1135 2590 librum
1149 2528 1206 2608 (2),
1221 2528 1256 2590 in
1269 2544 1333 2606 quo
1361 2553 1433 2594 aar.

272 2633 399 2711 quidem
429 2632 664 2710 longitudinem
693 2633 751 2694 lati
768 2631 772 2712 Ι
788 2632 997 2712 tudinemque
1028 2633 1152 2706 Tuscis,
1184 2633 1219 2696 et
1246 2634 1332 2696 unde
1449 2717 1451 2722 Δ

272 2738 368 2800 'l'usei
397 2738 558 2816 originem
583 2739 759 2812 traxerint,
787 2739 899 2818 quales
915 2738 920 2819 Ι
937 2755 978 2802 ve
1006 2738 1052 2818 (b)
1081 2739 1267 2801 habeantur
1299 2740 1347 2800 inr

271 2844 424 2917 moribus,
451 2844 536 2906 bella
563 2859 686 2918 eorum,
713 2861 777 2924 qua
804 2845 843 2908 de
863 2861 961 2908 causa
981 2845 1187 2923 appellentur
1203 2843 1208 2925 Ι
1225 2845 1332 2915 Tusci,

272 2963 424 3012 necnon
450 2949 484 3011 et
511 2950 704 3012 cerimonias
730 2950 875 3028 ipsorum
902 2951 1088 3014 describere
1111 2947 1331 3028 curavimus!

271 3053 460 3116 celsitudini
480 3071 620 3134 namque
639 3055 705 3128 tue,
719 3055 892 3134 domnique
905 3058 924 3115 J
925 3055 1064 3117 ohannis
1079 3055 1247 3118 pratensis
1261 3054 1333 3116 doc-

271 3159 353 3222 toris
372 3161 493 3236 eximii,
507 3179 527 3224 a
540 3179 592 3226 me
608 3161 612 3243 Ι
629 3163 730 3225 inscio
744 3163 957 3242 imperitoque
971 3163 1094 3226 editum
1108 3179 1187 3240 opus
1202 3162 1334 3241 gratum

271 3269 391 3331 extitit.
403 3269 444 3332 nt
454 3270 525 3344 hoc,
536 3272 574 3334 ut
583 3273 665 3335 bene
676 3273 770 3346 nosti,
784 3271 788 3354 Ι
801 3272 916 3358 accidit
929 3272 963 3333 in
970 3273 1104 3334 civitate
1111 3271 1268 3334 Patavina
1277 3269 1333 3350 (c).

271 3375 334 3436 Ubi
353 3376 390 3438 tu
410 3377 479 3454 ipse
499 3378 581 3456 legis
602 3379 849 3458 philosophiam,
870 3379 903 3442 et
919 3378 923 3460 Ι
939 3380 995 3442 ille
1014 3380 1089 3441 iura
1106 3379 1215 3441 civilia
1231 3378 1333 3439 docet.

271 3485 407 3563 Insuper
433 3486 526 3548 ambo
546 3487 697 3565 quesistis
718 3487 766 3566 (d)
786 3505 806 3548 a
827 3503 888 3562 me,
908 3488 993 3550 unde
1014 3487 1174 3566 qualeque
1190 3484 1195 3565 Ι
1211 3484 1334 3548 ordinis

271 3587 376 3650 nostri
403 3588 504 3652 luerit
529 3571 735 3670 principium,
762 3591 846 3671 quod
873 3591 982 3670 plures
1010 3591 1120 3670 patres
1148 3589 1182 3653 et
1209 3589 1332 3652 fratres

307 3835 346 3909 (o)
365 3837 403 3893 In
421 3841 512 3894 textu
524 3838 550 3892 B
562 3837 717 3895 habentur
728 3837 823 3896 verbu
840 3838 931 3896 haec:
951 3838 1104 3910 Incipiunt
1126 3837 1235 3893 cronice
1254 3837 1333 3894 ubre·

270 3924 346 3979 nicta
363 3925 476 3980 ordinis
492 3928 597 3982 montis
612 3927 716 3984 onaan
730 3927 735 4000 Ι
748 3927 891 3982 Antonine
903 3927 1048 3999 Braqenei
1056 3927 1208 3982 menuctus
1220 3925 1333 3981 ordinis

270 4013 373 4067 montis
390 4013 488 4070 olibeti
500 4013 504 4088 Ι
518 4015 701 4070 diiectissimo
719 4020 768 4071 eto.
782 4044 819 4057 -
837 4014 875 4087 (b)
889 4013 978 4071 Text.
993 4015 1033 4069 B:
1055 4015 1100 4070 uel
1117 4015 1283 4072 habeantur.
1297 4043 1334 4056 -

271 4097 309 4172 (ο)
327 4100 416 4158 Text.
429 4101 469 4158 B:
485 4103 637 4173 paduana.
654 4134 691 4146 -
709 4101 751 4176 (d)
770 4101 859 4160 Text.
873 4101 917 4158 B:
938 4103 1064 4174 quesitis.

307 4241 346 4316 (l)
365 4241 514 4308 Quisnam
538 4243 636 4300 fuerit
659 4243 719 4300 iste
744 4243 801 4316 vir,
827 4243 880 4299 cui
901 4242 1048 4315 dirigitur
1066 4261 1084 4298 a
1100 4243 1248 4314 Bargensi
1264 4259 1332 4314 pro·

271 4329 361 4400 logos
379 4330 552 4403 chronicae,
570 4331 635 4403 jem
653 4333 796 4404 superius
814 4331 958 4404 diximus,
978 4349 1008 4403 p.
1023 4345 1109 4388 xmv.

306 4417 346 4491 (Ξ)
363 4418 465 4476 Etiam
478 4419 515 4476 de
526 4419 585 4476 hoo
597 4418 761 4492 Bergeuais
773 4435 863 4492 opere
878 4419 943 4492 jem
961 4419 1082 4490 egimus
1094 4435 1189 4492 supro
1205 4435 1235 4491 p.
1251 4431 1329 4473 run.
