3646 5520
470 535 511 598 60
830 535 974 599 Astomi
993 535 1180 612 ramenta

468 729 574 810 patris
590 730 698 793 domni
711 729 802 794 Petri
814 730 855 794 de
869 729 990 802 Mente,
1003 730 1143 810 episcopi
1157 729 1355 806 Brixicnsla3
1373 730 1377 812 Ι
1392 731 1540 811 quierat

471 849 648 916 germanus
667 835 834 900 cuiusdam
852 835 966 900 fratris
979 837 1082 900 nostrl
1097 837 1137 900 de
1151 819 1307 911 venetiis,
1319 839 1440 901 nomini
1459 837 1539 920 {Sy-

470 943 642 1023 gismuudl.
666 944 755 1014 Quod
784 943 1017 1007 monasterium
1047 943 1195 1006 habitum
1219 945 1269 1007 eat
1293 959 1368 1008 cum
1395 943 1536 1026 magno!

471 1051 591 1122 labere,
612 1051 689 1130 quia
708 1050 763 1114 ille
783 1051 839 1130 qui
859 1051 1009 1131 privatus
1029 1051 1139 1114 iuerat
1152 1051 1192 1115 de
1205 1065 1254 1124 ec,
1272 1051 1410 1114 multum
1429 1052 1513 1114 obsti
1529 1050 1535 1134 Ι

470 1157 521 1230 tit,
541 1171 614 1220 cnm
635 1155 933 1232 brechicseculari,
947 1158 1067 1222 etcum
1081 1158 1271 1238 quibusdam
1285 1155 1512 1220 cardinalibus.
1528 1157 1534 1238 Ι

471 1264 527 1326 Set
547 1263 678 1326 larebat
704 1263 811 1328 ordini
838 1263 951 1328 uostrc
970 1279 1053 1344 papa
1073 1266 1249 1344 Eugenius,
1269 1265 1325 1346 qui
1345 1265 1438 1328 nobis
1457 1263 1536 1328 illud

471 1369 605 1434 dederat
618 1368 678 1450 (1).
1588 1389 1590 1396 ’

926 1601 1082 1666 XXXV.

408 1867 415 1879 ,
512 1805 712 1884 Trigesimus
732 1805 865 1886 quintus
885 1806 983 1868 abbas
997 1806 1060 1871 luit
1073 1805 1179 1869 irater
1192 1805 1344 1869 Nicotaus
1357 1806 1397 1868 de
1409 1804 1534 1886 Regio!

285 1907 422 2030 'Qui'
472 1912 506 1974 ct
525 1911 656 1974 duravit
676 1912 771 1974 annis
790 1914 932 1991 quatuor
946 1911 1005 1993 (2).
1026 1913 1087 1974 Hic
1106 1912 1183 1975 lecit
1197 1913 1270 1975 ileri
1283 1911 1420 1975 chorum
1434 1913 1469 1974 in
1483 1929 1537 1975 ec·

285 2015 436 2102 ‘quamq
471 2019 521 2082 ele
537 2017 542 2100 Ι
558 2019 606 2081 sia
616 2019 804 2082 monasterii
816 2020 1003 2098 principalis
1012 2019 1069 2100 (3).
1086 2019 1190 2082 Huius
1203 2019 1347 2098 tempore
1358 2019 1419 2082 fuit
1429 2035 1536 2080 annus

471 2125 591 2197 iubilei,
608 2125 700 2186 idest.
717 2123 722 2206 Ι
739 2129 770 2186 4⁰
789 2140 876 2187 anno
897 2127 946 2187 sui
967 2125 1170 2198 abbatiatus;
1189 2125 1282 2186 cuius
1302 2125 1536 2202 indulgentiam

471 2231 741 2296 clementissimus
768 2231 905 2295 domnus
921 2230 925 2312 Ι
941 2233 1093 2299 Nicotaus
1120 2231 1253 2310 quintus
1285 2247 1368 2310 papa
1396 2231 1536 2308 benigne

471 2338 540 2400 inte
552 2337 659 2399 ordini
672 2337 785 2400 nostro
804 2353 920 2402 conces
936 2336 941 2419 Ι
957 2339 1009 2412 sit,
1029 2338 1093 2400 hac
1112 2337 1264 2400 videlicet
1281 2337 1477 2400 conditione:
1498 2338 1537 2399 ut

473 2444 645 2521 presbiteri
665 2459 724 2522 per
743 2444 925 2524 quindecim
942 2443 947 2524 Ι
963 2445 1031 2508 dieu
1052 2445 1193 2517 missam,
1212 2459 1449 2522 quamcumque
1467 2443 1538 2506 vel·
1614 2476 1619 2482 -

472 2550 551 2624 lent,
575 2551 799 2624 celebrareut;
819 2565 859 2613 ac
877 2552 975 2615 etiam
1004 2551 1091 2612 inira
1118 2565 1176 2630 pre
1192 2549 1197 2631 l
1212 2551 1333 2612 dictum
1358 2550 1534 2612 terminum

471 2657 525 2720 ter
537 2657 727 2734 psalterium
741 2657 896 2720 dicerent.
906 2657 1022 2720 Olerici
1037 2657 1147 2720 autem
1161 2656 1288 2735 septies,
1300 2657 1369 2735 psal
1385 2653 1389 2737 1
1406 2641 1536 2728 terium,

472 2761 560 2824 inira
585 2761 684 2826 etiam
710 2763 893 2842 quindecim
920 2763 997 2836 dies,
1018 2763 1184 2826 dicerent:
1209 2762 1360 2825 conversi
1385 2778 1464 2824 vero
1480 2760 1485 2842 Ι
1501 2763 1537 2823 et

472 2870 626 2943 commisi,
653 2869 740 2932 inira
766 2871 987 2948 supradictum
1016 2869 1204 2942 terminum,
1231 2843 1378 2931 dicerent
1408 2867 1534 2948 milies!

472 2976 687 3053 octingenties
703 2977 803 3050 rubr
822 2978 936 3038 noster
955 2976 1293 3039 succumbensque
1312 2975 1536 3054 unusquisque

472 3085 600 3160 poterat
615 3080 620 3163 Ι
636 3083 755 3144 dictam
775 3081 986 3160 penitentiam
1007 3083 1151 3160 incipere
1168 3083 1296 3161 quando
1317 3082 1376 3144 sibi
1399 3081 1536 3159 placuis-

472 3187 542 3260 set;
563 3189 590 3248 si
611 3191 720 3250 tamen
740 3189 817 3251 ante
841 3189 895 3250 ter
911 3187 915 3269 Ι
932 3190 1055 3250 minum
1081 3189 1201 3262 iubilei,
1222 3189 1277 3267 qui
1299 3189 1355 3274 est
1380 3186 1536 3248 nativitas

472 3293 590 3355 domini
622 3283 823 3372 completam,
853 3295 973 3358 habuia
989 3270 1070 3376 isat,
1096 3309 1248 3358 concesso
1274 3293 1305 3355 ei
1331 3294 1369 3356 ut
1395 3293 1536 3354 diximus

471 3399 621 3472 termino,
641 3401 824 3480 quindecim
844 3401 980 3474 dierum,
998 3399 1057 3482 lad
1078 3401 1142 3464 hoc
1161 3400 1352 3462 laciendum.
1373 3399 1538 3462 concessit

472 3505 569 3568 etiam
591 3507 627 3567 ut
647 3507 782 3586 quilibet
795 3507 900 3570 irater
921 3507 1030 3586 posset
1049 3507 1110 3569 sibi
1130 3508 1159 3569 el
1176 3505 1181 3588 l
1197 3507 1288 3586 igere
1301 3520 1536 3584 quemcumque

507 3782 546 3854 (1)
565 3781 611 3837 Oi.
631 3781 866 3852 Lascucucrrq
884 3799 929 3853 op.
943 3781 1002 3853 cit,
1023 3781 1065 3852 11,
1083 3781 1154 3854 2863
1173 3781 1209 3836 L.
1230 3781 1265 3835 F.
1286 3781 1333 3835 Pb
1350 3777 1534 3848 n’Osruaur,
1665 3785 1671 3794 ·

471 3871 504 3926 Il
522 3869 645 3926 Uomano
663 3887 677 3924 a
696 3869 826 3923 baccata
843 3869 876 3924 di
886 3871 1036 3946 Rodum,
1055 3870 1188 3940 Bremia,
1209 3870 1289 3937 1886,
1309 3885 1338 3940 p.
1353 3867 1389 3922 64
1406 3883 1489 3938 seqq.
1502 3897 1536 3908 -

471 3959 555 4015 Huic
573 3960 760 4016 monasterio
781 3959 900 4016 familia
921 3959 1143 4031 adsignabatur
1166 3974 1247 4013 auuc
1268 3955 1536 4012 1441.01.1“Διίι·

471 4063 595 4105 uuaauu
615 4049 705 4120 Tua,
725 4048 767 4122 11,
788 4067 817 4122 p.
836 4049 901 4107 207.

507 4136 548 4209 (1)
567 4137 595 4192 A
612 4137 662 4194 die
679 4138 792 4194 ultima
809 4138 922 4194 mensis
940 4137 1057 4210 aprilis,
1072 4153 1149 4210 quae
1165 4135 1230 4191 fuit
1241 4133 1394 4191 dominica
1405 4131 1455 4188 111
1467 4136 1538 4204 post

472 4224 600 4282 Pascha.
608 4226 681 4281 anni
700 4226 780 4298 1447,
801 4225 839 4282 ad
856 4223 937 4282 diem
956 4227 990 4281 16
1007 4225 1122 4282 mensis
1140 4223 1214 4280 maii
1232 4223 1323 4295 (dom.
1336 4222 1386 4278 III
1398 4226 1469 4294 post
1480 4221 1537 4276 Pa·

472 4313 557 4388 seha)
576 4331 625 4370 au.
646 4313 725 4370 1451.
746 4313 793 4370 of.
814 4313 928 4386 Torum,
948 4313 970 4368 I
979 4314 1058 4383 faeti
1075 4313 1223 4385 educturi,
1243 4329 1271 4385 p.
1292 4311 1385 4367 4846.

508 4401 775 4476 (3)Of.'1¹nouas,
796 4420 842 4474 op.
862 4403 923 4474 cit,
943 4419 973 4475 p.
993 4402 1055 4458 125.
