3646 5520
496 528 536 588 42
698 506 702 512 ¹
853 525 996 588 Antonii
1014 525 1200 600 Barcensts

494 721 580 784 rium
600 737 763 802 magnum,
777 719 861 800 quod
879 735 967 784 nuno
980 719 1075 784 extat
1087 717 1121 784 in
1136 719 1334 784 Monesterio
1354 717 1557 799 principali!

493 843 580 890 enno
600 827 699 892 tertio
723 827 772 889 sui
794 825 976 890 abbatietus
991 825 1049 907 (1).
1070 829 1134 891 Iste
1162 825 1224 890 init
1250 826 1421 906 religiosus
1441 825 1476 890 et
1495 825 1558 905 spi·

492 933 631 1008 ritualis,
651 933 726 997 lioet
745 949 861 1012 perum
882 931 1059 996 litteratus.

963 1171 1079 1234 xvii.

348 1385 424 1430 xm
532 1347 679 1412 Decimus
700 1347 856 1427 septimus
877 1346 974 1410 abbae
988 1343 1533 1426 1111111161ΥροῐῆιιεᾱοΜθᾰῑοΙα
1549 1345 1554 1427 Ι

318 1457 453 1513 flumin·
492 1470 543 1528 no,
564 1455 598 1518 et
617 1454 749 1517 duravit
769 1454 864 1517 annis
884 1453 990 1516 tribus
1005 1451 1063 1534 (2).
1084 1453 1145 1515 Hic
1164 1453 1336 1532 complevit
1356 1469 1436 1531 opus
1456 1453 1558 1516 reiec-

332 1525 436 1642 Ἔῖζ
491 1561 568 1622 torii
583 1559 588 1642 Ι
605 1561 688 1640 quod
709 1577 768 1640 per
787 1561 1048 1640 predecessorem
1063 1576 1157 1622 suum
1172 1561 1302 1638 coptum
1321 1559 1437 1632 inerat.
1452 1561 1556 1622 Huius

269 1747 272 1752 Ι
315 1668 454 1726 1131113181-
489 1668 636 1748 tempore
662 1667 811 1730 hobitum
838 1669 888 1730 est
909 1666 914 1749 Ι
935 1667 1173 1731 monasterium
1198 1667 1308 1729 Sancti
1333 1665 1490 1728 ieronimi
1516 1667 1557 1729 de

490 1777 605 1848 ianua,
619 1789 705 1836 anno
718 1773 823 1853 primo
839 1773 918 1838 1390
932 1773 990 1856 (3).
1013 1777 1109 1837 Anno
1128 1773 1238 1836 eutem
1253 1771 1258 1854 Ι
1275 1773 1414 1836 secundo
1434 1772 1556 1836 iactum

489 1880 552 1942 init
572 1879 755 1959 capitulum
782 1881 937 1960 generale
957 1881 990 1942 in
1012 1879 1215 1944 monasterio
1229 1879 1339 1944 Sancti
1366 1878 1554 1960 Benedicti!

489 1987 527 2048 de
549 1986 698 2059 Pistorio,
719 1988 853 2066 propter
872 2004 1012 2066 guerras
1034 2003 1097 2066 que
1116 1987 1152 2048 in
1173 1985 1342 2050 territorio
1361 1986 1396 2049 et
1408 1986 1555 2066 pertibus

488 2096 645 2155 Seuerum
663 2091 667 2174 Ι
684 2093 837 2172 vigebant
852 2092 910 2174 (4).
926 2095 966 2154 nt
987 2093 1171 2156 ordinatum
1192 2093 1243 2155 est
1263 2094 1303 2156 de
1322 2093 1554 2156 reformatione

523 2349 562 2419 (1)
580 2347 627 2404 Cf.
650 2347 686 2406 G.
708 2347 853 2418 Tuom,
879 2347 1029 2418 L’Atoaye
1054 2349 1087 2404 dc
1112 2345 1444 2418 Meni-OlivetMojeur,
1470 2348 1550 2419 1898,

486 2456 515 2510 p.
528 2438 598 2498 ‚172

521 2525 561 2599 (2)
580 2525 608 2580 A
633 2525 705 2582 Kal.
727 2524 799 2580 maii
829 2525 899 2580 1390
923 2524 962 2580 od
988 2524 1060 2580 Kal.
1081 2523 1177 2580 meins
1205 2523 1284 2580 1393.
1305 2523 1351 2580 cf.
1373 2525 1486 2596 Toum,
1506 2543 1551 2596 op.

485 2616 544 2686 ou,
564 2633 593 2687 p.
613 2615 658 2670 30.
1520 2611 1524 2622 ’

522 2703 561 2776 (3)
580 2702 626 2760 of.
646 2702 882 2774 Lnuonnnorm,
902 2717 947 2772 op.
968 2703 1029 2774 oin,
1049 2701 1090 2774 Π,
1113 2701 1183 2773 171;
1204 2702 1380 2758 Fnurnrnn.
1402 2701 1489 2772 Tin,
1508 2703 1551 2773 II,

486 2811 534 2849 nn.
557 2793 636 2864 1390,
656 2809 685 2864 p.
706 2792 761 2848 26‘.
1314 2788 1316 2793 ’

521 2883 566 2937 De
584 2882 771 2936 monasterio
790 2880 948 2937 Genuensi
966 2879 1041 2936 heco
1060 2879 1231 2936 traduntur
1244 2877 1277 2935 in
1290 2877 1396 2934 Otron.
1416 2879 1552 2936 Ooocells

486 2990 502 3026 c
520 2970 626 3026 Huius
643 2969 774 3026 Abbatis
793 2975 940 3042 tempore,
959 2969 1146 3026 reverendus
1160 2969 1291 3024 domnus
1304 2967 1482 3041 Alphonsus
1494 2969 1550 3025 Ge·

485 3057 612 3116 nuensis
631 3057 772 3114 Antistes
796 3057 1018 3114 monesterium
1043 3057 1076 3114 in
1099 3057 1246 3113 honorem
1269 3057 1301 3112 et
1323 3056 1382 3112 snb
1400 3056 1551 3113 vooebulo

485 3147 585 3204 sancti
603 3146 787 3219 Hieronymi
804 3145 950 3218 doctoris,
971 3146 1003 3202 in
1022 3145 1098 3202 ville
1116 3145 1237 3218 Quarti,
1254 3144 1390 3202 eiusdem
1403 3143 1550 3214 dioecesis,

486 3257 504 3292 e
517 3237 583 3292 solo
601 3254 619 3291 e
634 3253 666 3292 se
681 3240 897 3292 constructum
912 3233 1142 3306 congregationi
1155 3239 1280 3290 nostrae
1290 3234 1429 3304 offerens,
1440 3233 1552 3290 ibidem

485 3323 602 3396 requiei
621 3341 695 3380 sune
714 3323 828 3380 statuit
846 3324 1048 3396 sepulturam.
1070 3341 1096 3378 s.
1117 3323 1184 3378 Fol.
1205 3322 1257 3378 20’.

538 3413 642 3468 Huius
659 3412 839 3468 monasterii
852 3411 1015 3468 historiam
1029 3411 1150 3468 erudite
1164 3410 1346 3484 conscripsit
1360 3411 1396 3466 cl.
1407 3409 1552 3488 Scoerdos

485 3500 688 3558 Oemulicnsis
707 3501 744 3555 D.
766 3500 914 3558 Nicolnus
931 3499 1176 3573 Sohieppnoesse,
1192 3516 1290 3572 nuper
1304 3498 1392 3555 nobis
1407 3505 1548 3572 ereptum

484 3589 537 3646 sed
556 3589 640 3662 typis
658 3588 796 3645 nondum
814 3587 988 3646 mandatnm
1007 3603 1073 3646 esse
1091 3587 1184 3645 dolet.
1324 3645 1329 3659 ‚

520 3677 559 3748 (4)
578 3677 625 3733 Cf.
646 3677 774 3736 Annales
793 3678 929 3733 Senenrre
948 3675 981 3732 in
999 3676 1187 3748 Mortuost,
1207 3676 1245 3730 R.
1265 3676 1293 3731 I.
1313 3675 1358 3746 8.,
1379 3675 1466 3746 xix,
1484 3674 1549 3730 893·

484 3765 547 3821 397.
567 3750 685 3822 Audisse
710 3782 789 3838 quae
812 3765 1007 3838 synchronus
1032 3763 1128 3821 trudit
1150 3764 1282 3838 scriptor
1306 3763 1351 3837 (in
1372 3765 1548 3820 Frumsn.

484 3854 575 3926 Tne„
590 3855 634 3924 11,
654 3872 703 3911 sn.
723 3854 804 3926 1391,
824 3873 852 3927 p.
870 3855 927 3925 ut),
948 3855 985 3910 de
1009 3852 1094 3910 hisco
1118 3853 1229 3910 rebus:
1250 3869 1434 3926 ‹quumex
1451 3851 1550 3908 forme

484 3942 747 3999 constitutionum
769 3948 946 4000 nostrarum
969 3943 1149 4016 Capitulum
1172 3942 1314 4014 generale
1337 3947 1480 4016 nostruin¹
1497 3959 1549 3997 en-

483 4031 605 4088 nuetim
619 4031 710 4087 debet
728 4031 877 4088 celebrari
894 4031 926 4088 in
945 4038 1052 4089 nostro
1064 4031 1228 4106 principali
1240 4030 1427 4088 Monesterio
1440 4030 1548 4087 Sancte

483 4120 580 4176 Meris
597 4119 714 4176 Montis
734 4119 858 4188 Olivam,
878 4121 931 4176 sed
949 4126 1074 4194 propter
1098 4119 1334 4177 oirouminnntie
1357 4136 1441 4176 nuno
1459 4136 1549 4190 guor-

485 4227 592 4264 rnrnm
610 4209 758 4281 pericula,
778 4225 841 4264 non
859 4208 901 4288 sit
918 4209 1020 4266 habile
1039 4227 1094 4266 neo
1114 4213 1229 4280 tutum,
1254 4208 1287 4264 in
1305 4208 1387 4264 dioto
1405 4209 1473 4264 loco
1487 4207 1549 4262 dio-

484 4303 551 4352 tum
570 4297 750 4371 Capitulum
774 4297 940 4354 celebrari:
961 4298 1029 4354 ideo
1041 4317 1104 4354 non
1123 4297 1295 4370 derogando
1305 4296 1373 4369 juri
1390 4295 1466 4352 dieti
1483 4295 1547 4350 Mo-

484 4385 612 4442 nostorii
630 4391 661 4442 ot
683 4383 782 4460 ipsius
806 4385 949 4458 fratrum,
975 4385 1112 4462 Capituli
1136 4391 1168 4444 et
1192 4386 1379 4462 Conventus,
1400 4401 1439 4443 ox
1457 4382 1546 4440 dictis
