3642 5510
522 515 560 576 18
878 521 1021 582 Antonii
1039 521 1226 595 noroensis

518 711 694 774 secundum
710 711 715 792 Ι
730 713 957 792 Apostolorum
978 713 1225 789 institutionem,
1252 731 1291 778 ac
1318 715 1403 778 beati
1433 715 1583 794 regulam

519 819 683 882 Benedicti
695 819 797 898 petris
810 837 853 884 no
868 820 872 902 Ι
889 822 960 895 stri,
971 823 1049 885 suut
1058 823 1250 886 eommunia.
1262 823 1492 902 Unusquisque
1502 823 1581 882 duas

517 925 644 988 tantum
665 929 817 991 modoad
839 927 967 1009 uisum
993 931 1121 993 tunicas
1147 931 1336 1009 possidebat,
1357 931 1391 992 et
1411 931 1580 1008 scapulare

516 1047 590 1092 cum
617 1033 753 1094 cuculla.
781 1036 817 1094 ln
848 1050 911 1112 pau
928 1031 932 1114 Ι
949 1036 1081 1112 peronio
1108 1052 1249 1116 namque
1279 1036 1444 1108 vestiario,
1471 1035 1580 1114 alique

515 1155 710 1218 quamquam
730 1141 867 1213 vetuste,
888 1141 1095 1205 habebantur
1114 1143 1150 1204 tu
1168 1141 1172 1222 Ι
1192 1144 1275 1216 nice,
1291 1159 1354 1220 que
1367 1139 1579 1204 concedeban-

513 1243 572 1305 tur
591 1245 655 1306 illis
676 1261 755 1324 quos
776 1248 952 1310 necessitas
969 1249 1098 1310 lavandi
1114 1263 1195 1326 urge
1211 1245 1216 1328 Ι
1232 1249 1296 1310 bat.
1311 1248 1484 1327 Postquam
1499 1262 1585 1308 vero·

514 1367 589 1414 suas
607 1351 667 1430 ipsi
685 1352 842 1415 lavissent
858 1370 922 1424 res,
936 1355 1021 1418 dicte
1033 1355 1144 1418 tunice
1157 1356 1287 1418 vetuste
1301 1371 1338 1418 re
1354 1353 1358 1436 Ι
1374 1355 1578 1434 ponebantur

514 1455 548 1516 in
569 1457 744 1530 vestiario;
764 1457 798 1520 et
817 1457 864 1520 sic
883 1461 979 1520 erant
1000 1459 1033 1522 in
1055 1461 1197 1522 maxima
1213 1460 1464 1539 voluntariaque
1480 1458 1484 1540 Ι
1501 1475 1577 1537 pau-

514 1559 642 1635 pertate
652 1561 816 1640 degentes.
827 1564 891 1624 Pro
902 1563 1029 1626 lectulis
1043 1566 1152 1628 eutem
1167 1565 1312 1627 sacculos
1326 1565 1427 1642 paleis
1441 1566 1553 1643 plenos
1568 1564 1573 1644 Ι

513 1663 679 1738 babemus,
701 1682 745 1729 ex
765 1669 852 1729 omui
871 1671 964 1748 parte
985 1669 1141 1734 lateribus
1161 1669 1237 1734 lecti
1258 1670 1359 1733 clavis
1375 1669 1501 1731 affixos.
1518 1670 1577 1730 Su-

513 1784 572 1846 per
587 1767 592 1849 Ι
608 1771 724 1848 quibus
744 1772 941 1836 dormientes
966 1775 1172 1854 quiescimus
1192 1775 1314 1838 Deinde
1337 1775 1447 1852 patres
1472 1772 1576 1834 nostri

512 1876 619 1938 haben
632 1875 636 1958 Ι
649 1879 700 1942 tes
710 1880 965 1954 ovesiaciebant
976 1881 1047 1945 deri
1060 1897 1201 1959 pannum
1213 1897 1256 1944 ex
1266 1881 1442 1944 velleribus
1453 1895 1573 1950 earnm,

511 1981 545 2042 et
565 1981 598 2044 la
613 1980 618 2063 Ι
634 1984 762 2047 ciebant
782 1986 962 2058 mantellos,
982 1985 1036 2048 nel
1063 1986 1158 2063 pallia
1184 1985 1299 2064 quibus
1323 1984 1519 2046 dormientes
1539 1999 1574 2044 se

510 2089 725 2164 cooperirent,
742 2087 746 2170 Ι
762 2090 816 2152 vel
846 2093 937 2153 certe
966 2105 1026 2168 per
1055 2091 1183 2152 domum
1214 2090 1427 2162 ambulantes,
1453 2088 1512 2150 sut
1540 2087 1573 2148 in

510 2192 631 2254 mensis
651 2194 703 2256 vel
724 2195 868 2257 ecclesiis
884 2194 888 2276 Ι
905 2195 1084 2259 existentes
1104 2213 1140 2259 re
1160 2196 1342 2258 induerent.
1364 2192 1445 2256 Erat
1464 2192 1573 2254 autem

510 2313 637 2376 pannus
653 2300 708 2362 ille
721 2303 874 2375 rusticus,
891 2301 895 2383 Ι
911 2302 946 2365 et
965 2319 1108 2382 grossus,
1129 2304 1215 2365 lusto
1235 2303 1359 2374 colore;
1380 2301 1467 2361 illius
1487 2298 1573 2360 simi-

510 2403 664 2478 litudinis,
685 2423 748 2486 qno
771 2409 887 2471 rustici
910 2411 1058 2472 utuntur.
1075 2409 1080 2492 Ι
1097 2411 1153 2472 Set
1176 2409 1328 2488 quoniam
1353 2405 1503 2485 superius
1527 2403 1572 2464 di-

511 2511 617 2572 ximus
638 2527 693 2573 eos
712 2513 849 2576 induere
869 2517 1013 2578 vestibus
1034 2518 1110 2578 nive
1126 2516 1131 2598 Ι
1147 2517 1184 2589 is,
1198 2533 1240 2579 ne
1258 2515 1407 2577 mireris:
1429 2508 1573 2575 sciebant

509 2616 596 2676 enim
611 2617 740 2678 beatum
755 2595 974 2696 Benediotnm,
988 2637 1042 2684 eos
1055 2639 1175 2684 amonn
1191 2621 1195 2704 Ι
1211 2623 1284 2694 isse,
1305 2637 1372 2682 non
1391 2617 1518 2681 causari
1532 2617 1571 2676 de

509 2723 617 2784 colore
628 2721 694 2802 (l);
709 2725 856 2802 quamvis
869 2727 998 2788 nonnisi
1013 2729 1126 2806 pallios
1140 2729 1238 2791 talem
1251 2727 1255 2809 Ι
1268 2729 1302 2790 in
1316 2744 1352 2790 se
1365 2727 1506 2789 colorem
1519 2739 1572 2786 re·

509 2829 665 2907 cipientes
678 2829 847 2893 haberent.
862 2835 1006 2900 Quonam
1028 2836 1119 2897 modo
1133 2835 1203 2896 illos
1218 2834 1222 2916 Ι
1238 2832 1426 2904 abiecerint,
1440 2834 1569 2909 ignoro:

509 2953 597 2999 nunc
622 2953 704 2999 vero
730 2938 795 2998 illis
820 2939 951 3002 minime
975 2942 1107 3014 utimur,
1128 2943 1183 3003 sed
1199 2940 1203 3022 Ι
1219 2941 1309 3003 albis.
1330 2939 1436 3000 Erant
1456 2951 1571 3013 nempe

508 3045 595 3122 potu,
609 3044 744 3122 ciboque
764 3045 927 3121 potissime
940 3045 1121 3124 temperati.
1138 3045 1142 3127 Ι
1159 3049 1316 3124 Tempore
1330 3045 1486 3122 siquidem
1499 3043 1570 3103 vin-

508 3150 622 3222 demie,
635 3167 708 3212 cum
729 3149 768 3212 de
787 3149 889 3213 acinis
904 3151 1018 3212 vinum
1038 3166 1082 3213 ex
1097 3149 1101 3230 Ι
1117 3150 1313 3212 traxissent:
1327 3167 1444 3227 aquam
1458 3149 1570 3210 misce·

509 3257 587 3319 bant
606 3257 761 3318 vinaciis:
782 3256 1002 3335 iacientesque
1015 3256 1124 3318 triduo
1139 3253 1144 3337 Ι
1160 3257 1231 3334 plus
1251 3257 1305 3319 vel
1325 3256 1442 3329 minus,
1455 3271 1570 3318 secun·

508 3363 585 3423 dum
605 3363 689 3440 qnod
702 3363 748 3424 eis
769 3362 950 3434 videbatur,
970 3363 1099 3434 bullire,
1123 3361 1198 3444 illql
1215 3363 1391 3441 implebant
1418 3363 1567 3441 vegetes;

508 3483 572 3545 quo
592 3483 651 3546 per
669 3466 771 3528 totam
790 3483 916 3546 yemem
936 3467 1176 3530 reficiebantur.
1193 3466 1198 3548 Ι

376 3589 390 3620 ο
432 3577 444 3613 ’-
547 3573 669 3634 carnes
690 3586 865 3650 uunquam,
886 3572 1061 3634 secundum
1080 3573 1195 3651 regule
1212 3571 1340 3635 textum
1364 3572 1567 3645 comedimus,

507 3677 570 3739 nisi
590 3678 702 3756 gravis
718 3676 723 3759 Ι
740 3677 818 3740 sime
838 3679 1038 3742 infirmitatis
1059 3679 1211 3758 urguerit
1230 3679 1415 3742 necessitas
1436 3677 1479 3739 ut
1491 3677 1567 3757 quia

506 3785 596 3845 locus
612 3783 616 3865 Ι
632 3784 698 3856 ille,
720 3786 757 3846 ut
778 3785 940 3863 prelatum
960 3786 1020 3859 est,
1040 3786 1075 3848 in
1095 3787 1189 3847 vasta
1212 3785 1384 3848 solitudine
1404 3785 1486 3847 situs
1508 3784 1567 3846 hs·

507 3891 618 3962 betur;
635 3891 737 3953 multa
753 3889 757 3972 Ι
773 3909 837 3970 que
857 3893 1011 3955 distantia
1024 3892 1134 3955 manet
1146 3893 1235 3954 inter
1247 3891 1361 3970 ipsum,
1375 3891 1409 3954 et
1422 3891 1566 3964 fiumina,

319 3975 332 4006 ⁰
400 3977 428 4007 ²²¹
439 3977 467 4006 ¹⁹*
505 3997 558 4057 vel
573 4012 672 4070 mere,
693 4013 732 4059 ra
748 3995 752 4078 Ι
768 4013 807 4059 ro
826 3999 884 4060 aut
897 4015 1073 4079 numquam
1092 3999 1196 4078 pisces
1213 3998 1429 4061 comedebant.
1450 4001 1566 4060 Decre-

504 4101 627 4163 verunt
647 4102 795 4180 denique,
816 4103 854 4164 nt
874 4103 953 4182 quin
969 4102 974 4185 Ι
990 4105 1025 4167 ta
1044 4103 1147 4167 solum
1167 4103 1260 4178 teria,
1281 4103 1314 4165 et
1334 4102 1385 4166 die
1398 4101 1565 4174 dominico,

540 4351 577 4421 (1)
596 4351 717 4423 Reputo,
738 4369 803 4424 cap.
825 4349 888 4408 LV.

1777 612 1788 901 l
