3646 5520
544 539 735 600 carmem
754 533 880 596 monta
905 533 1022 594 caroea
1276 533 1316 594 av
1388 513 1391 520 ’

245 733 353 798 valeat
366 731 537 807 reassumi,
548 731 587 793 ad
602 731 709 792 minus
723 729 819 792 vacat
833 730 905 791 octo
918 729 1014 791 annis
1023 725 1081 809 (1).
1095 725 1100 809 Ι
1112 728 1228 807 Atque,
1239 728 1316 807 quia
1362 783 1501 839 comm

245 839 502 920 prescripsimus,
516 839 627 918 patres
647 837 790 900 mutasse
804 837 911 916 sepius
926 836 1120 899 cerimonias
1134 836 1266 909 ordinis,
1281 835 1315 898 et
1341 855 1445 899 asnaa
1457 860 1501 899 till·

246 962 282 1008 re
297 944 302 1026 Ι
318 946 440 1025 gimen,
454 962 520 1009 uon
533 960 668 1024 prorsus
678 943 743 1006 hoc
751 943 872 1006 leviter
883 942 1061 1005 iaciebant:
1077 941 1214 1020 cogente
1227 941 1313 1004 enim
1340 927 1501 1039 &turim

244 1053 370 1116 necessi
385 1049 390 1133 Ι
405 1051 483 1126 tate,
503 1050 762 1114 immutaverunt
782 1049 976 1129 aliquotiens
996 1047 1238 1126 precedentium
1258 1064 1313 1126 pa·

243 1157 332 1219 trum
352 1156 485 1219 statuta.
501 1154 505 1236 Ι
521 1157 605 1218 Nam
625 1157 658 1217 et
678 1153 823 1216 Ecclesia
845 1157 993 1216 Romana
1016 1153 1115 1232 atque
1135 1153 1252 1230 plebes,
1265 1170 1314 1216 se-

244 1262 613 1348 penumeromutavere
629 1258 633 1340 Ι
651 1261 740 1338 leges
761 1275 837 1320 suas
858 1261 892 1321 et
911 1259 1053 1322 decreta
1079 1260 1313 1336 Porropatres

243 1367 348 1432 nostri
370 1368 532 1447 regularis
549 1367 758 1430 observantie
779 1383 841 1428 nor
857 1365 861 1447 Ι
877 1383 963 1428 mam
976 1367 1206 1445 dispensarunt
1221 1383 1313 1429 num·

243 1490 349 1553 quam.
371 1475 444 1536 Non
464 1473 550 1535 onim
571 1472 726 1534 convenit
746 1472 854 1542 alicui,
875 1472 1008 1549 regulas
1033 1471 1220 1534 sauctorum
1237 1470 1241 1552 Ι
1258 1489 1313 1551 ap·

243 1582 396 1660 probatas
420 1581 617 1659 dispensare,
638 1579 702 1641 nisi
722 1583 852 1641 Summo
876 1579 1035 1652 Pontifici,
1054 1579 1107 1642 vel
1133 1579 1249 1658 quibus
1272 1579 1312 1641 ab

242 1690 310 1768 ipso
336 1704 527 1752 concessum
543 1685 547 1768 Ι
563 1687 683 1759 fuerin
711 1687 744 1748 et
771 1686 835 1749 hoc
862 1687 889 1747 si
916 1685 1093 1748 necessitas
1120 1685 1311 1764 poposcerit.

243 1796 337 1857 Unde
364 1794 512 1856 (talasius
540 1809 622 1870 papa
648 1774 770 1870 inquit:
787 1790 791 1871 Ι
807 1791 869 1852 Ubi
897 1793 1075 1854 necessitas
1095 1786 1241 1863 non‘est,
1262 1791 1311 1852 in·

242 1900 469 1963 convertibilia
492 1885 650 1961 ‘maneant
677 1898 864 1960 sanctorum
893 1899 1023 1976 patrum
1047 1901 1143 1961 decre
1160 1898 1164 1980 Ι
1179 1899 1223 1960 ta.
1245 1899 1311 1961 Leo

242 2024 321 2070 vero
342 2025 426 2088 papa
445 2008 541 2069 dicit:
561 2007 624 2068 Ubi
645 2007 823 2068 necessitas
847 2022 914 2068 non
939 2006 998 2080 est,
1020 2007 1109 2068 nullo
1130 2007 1222 2068 modo
1243 2007 1311 2067 vio·

242 2115 352 2178 lentur
368 2114 372 2197 Ι
390 2116 577 2178 sanctorum
598 2115 729 2192 patrum
751 2114 936 2176 constituta.
958 2113 999 2174 Et
1020 2113 1137 2176 infert:
1154 2113 1215 2174 Ubi
1230 2129 1310 2191 ergo

242 2223 419 2286 necessitas
451 2223 550 2284 suerit
580 2221 620 2283 ad
636 2220 640 2302 Ι
657 2220 831 2284 utilitatem
863 2221 1007 2294 ecclesie,
1035 2221 1089 2300 qui
1117 2221 1308 2299 potestatem

242 2328 349 2400 habet,
367 2344 407 2391 ea
424 2327 597 2407 dispenset.
612 2330 663 2390 lix
675 2327 890 2408 necessumst
907 2329 1003 2400 enim,
1025 2328 1062 2388 ut
1081 2328 1195 2389 beatus
1209 2327 1309 2389 infert

242 2433 440 2506 Bernardus,
468 2433 504 2494 fit
530 2433 667 2494 mutatio
694 2433 785 2510 legis.
811 2436 879 2501 Qua
906 2434 940 2495 iu
968 2450 1005 2497 re
1032 2433 1123 2496 cerni
1140 2431 1145 2514 Ι
1160 2433 1227 2506 tur,
1248 2449 1309 2496 nec

242 2539 318 2618 ipsis
338 2540 464 2618 quidem
485 2539 629 2618 prelatis,
643 2539 849 2617 dispensandi
870 2539 996 2602 libitum
1017 2539 1088 2602 fore
1109 2527 1307 2632 concessum,

242 2647 302 2708 nisi
319 2645 324 2726 Ι
340 2646 483 2709 maxima
502 2645 679 2708 necessitas
700 2647 814 2708 aderit.
835 2649 987 2711 Ueterum
1002 2647 1125 2709 statuta
1138 2647 1307 2719 dominica,
1391 2711 1396 2722 ,

242 2753 362 2814 nullam
379 2751 384 2833 Ι
400 2753 529 2830 penitus
543 2752 720 2814 humanam
734 2753 1015 2832 dispensationem,
1026 2753 1211 2816 admittunt.
1221 2755 1307 2816 Deus

241 2860 378 2933 tantum,
400 2860 437 2921 ut
453 2859 457 2940 Ι
473 2860 676 2922 beatissimus
704 2861 893 2923 Bernardus
922 2861 1046 2938 probat,
1074 2859 1193 2922 horum
1222 2861 1305 2937 quod

242 2967 352 3038 voluit,
366 2965 494 3044 quaudo
506 2966 619 3038 voluit,
636 2964 640 3046 Ι
657 2965 762 3026 solvit.
778 2966 867 3032 Quod
881 2982 960 3028 vero
975 2966 1104 3044 patrum
1119 2965 1304 3025 sanctorum

241 3071 372 3138 statuta,
400 3072 595 3150 aliquotiens
622 3071 741 3150 egeant
770 3088 865 3134 neces
880 3071 884 3152 Ι
900 3072 987 3133 saria
1014 3071 1225 3142 correctione,
1252 3071 1305 3131 vel

240 3177 485 3256 dispensatione,
494 3177 638 3242 testatur
651 3177 844 3251 ieronimus,
855 3181 913 3240 doc
928 3176 933 3258 Ι
949 3177 1002 3240 tor
1016 3177 1177 3258 egregius,
1192 3176 1225 3236 in
1240 3175 1306 3238 fine

274 3423 314 3499 (1)
333 3423 419 3490 Quae
432 3423 483 3480 hic
495 3425 669 3480 afferuntur
682 3443 700 3480 a
711 3431 818 3481 nostro
827 3425 977 3498 Bargensi
989 3429 1111 3482 statuta
1122 3426 1211 3482 fuere
1223 3443 1303 3480 anno

239 3511 371 3568 secundo
391 3511 568 3594 abbatiatus
587 3511 770 3585 Hieronymi
788 3513 824 3569 de
843 3514 981 3586 Neapoli,
1002 3531 1110 3590 nempe
1128 3532 1207 3570 anno
1221 3514 1301 3569 1432,

240 3602 315 3656 Nam
333 3600 367 3656 in
389 3600 493 3656 Circa.
517 3599 653 3671 Ooocclt„
677 3600 752 3658 haec
774 3603 981 3658 adnotantur:
1007 3601 1139 3657 ‹Ouius
1161 3601 1301 3677 [abbatis]

238 3690 372 3744 secundo
386 3706 476 3760 anno,
491 3706 545 3760 per
557 3689 641 3745 R.¹²⁰·
652 3689 779 3746 domnos
790 3690 1024 3747 Reformatores
1037 3691 1244 3746 constitutum
1256 3696 1304 3747 est

238 3777 387 3834 Generale
412 3777 592 3849 Capitulum
616 3779 711 3834 tertia
733 3779 895 3835 Dominica
920 3785 990 3852 post
1012 3779 1131 3835 Pascha
1154 3780 1304 3835 Resurre-

238 3865 358 3937 ctionis,
379 3867 412 3920 de
430 3867 543 3922 &cocio
555 3868 587 3922 ia
600 3867 753 3938 biennium,
767 3868 910 3940 deinceps
926 3867 1090 3940 celebrari;
1106 3885 1203 3940 quum
1215 3867 1302 3940 prius

237 3971 398 4026 perennes
416 3955 584 4026 nonaginta
603 3955 795 4028 etamplius,
815 3957 965 4012 Kalendis
985 3957 1067 4028 maii,
1088 3974 1207 4029 semper
1225 3958 1302 4014 cele·

237 4041 360 4098 braium
369 4042 421 4098 sit.
432 4042 512 4098 Item
524 4044 656 4116 praefati
667 4044 770 4100 domni
783 4045 1014 4102 Reformatores
1026 4050 1207 4102 statuerunt
1220 4047 1301 4117 quod

237 4129 368 4202 quilibet
385 4131 642 4190 monasteriorum
660 4137 837 4190 nostrorum
856 4139 1028 4190 conventus
1053 4152 1146 4190 unam
1165 4139 1301 4204 tantum·

236 4217 325 4273 modo
350 4234 456 4274 vocem
481 4217 563 4292 (nam
581 4221 668 4292 prius
686 4221 765 4278 duae
783 4221 1000 4297 eligebantur),
1023 4222 1060 4278 ad
1078 4223 1227 4280 Genersle
1246 4224 1301 4278 Ua-

236 4305 372 4377 pitulnm
396 4323 467 4362 cum
490 4308 596 4364 Priore
619 4326 677 4365 suo
702 4310 884 4368 mittendam
905 4327 944 4366 ex
964 4309 1080 4382 gremio
1103 4311 1152 4367 tui
1169 4310 1300 4384 capituli

236 4392 462 4469 eligat,·etc.fi›.
482 4396 550 4454 rol.
571 4397 630 4472 26’3
651 4399 691 4456 cf.
711 4399 865 4458 Rnfflsra.
885 4399 986 4471 ΟΜ,
1005 4397 1047 4472 11,
1067 4399 1113 4472 22,
1133 4400 1178 4456 24.
