3594 5576
424 529 488 588 124
903 543 934 590 Ρ.
959 543 1111 592 Lucano

421 761 495 822 oevi
518 779 537 822 e
560 761 716 837 prudenti
740 761 799 840 (¹i2
824 763 872 838 gii
896 761 953 824 uni
977 781 996 824 e
1019 763 1065 840 gli
1090 763 1179 844 altri,
1204 765 1456 847 notui-cimento,
1484 784 1589 828 corro-

420 867 590 928 bomvnno
619 867 652 930 le
683 868 753 928 loro
783 873 940 930 sentence
969 887 1031 930 con
1061 865 1083 930 l’
1100 871 1248 932 autoritd
1277 868 1328 932 de'
1352 873 1540 935 documenti
1570 891 1591 934 e

419 975 508 1036 della
531 975 722 1037 tradicione.
748 976 804 1037 Ma
827 977 957 1038 eeinhm
979 973 1029 1038 ch’
1043 977 1108 1038 ossi
1133 995 1321 1040 moveseero
1344 980 1524 1042 realmente
1546 981 1591 1041 dn

420 1083 502 1143 tideo
525 1083 758 1160 suppositioni.
785 1083 906 1144 Poichd
929 1084 959 1144 el
986 1085 1092 1160 primo
1116 1085 1262 1164 viaggio,
1288 1086 1419 1148 intorno
1440 1087 1588 1167 a11319,

419 1191 437 1250 e
460 1189 625 1265 collegato
648 1185 668 1248 l’
685 1209 804 1252 accusa
828 1190 1043 1266 leggenderis
1066 1187 1097 1252 d’
1111 1209 1201 1254 esser
1224 1193 1305 1254 steti
1329 1193 1339 1252 i
1364 1194 1529 1255 fondctori
1553 1195 1589 1255 di

420 1297 643 1360 Montoiiveto
666 1298 797 1358 deferiti
821 1294 876 1358 ail'
894 1297 1042 1360 autoritd
1066 1299 1183 1376 papale
1206 1317 1296 1360 come
1320 1299 1444 1362 nomini
1467 1303 1588 1363 cattivi

419 1419 437 1462 e
461 1404 602 1479 cospetti
626 1399 657 1464 d'
674 1405 801 1482 ereein3
836 1404 889 1464 del
914 1405 974 1464 che
997 1422 1062 1465 non
1087 1401 1119 1464 v'
1136 1407 1178 1466 ha
1202 1406 1454 1468 testimonianze
1477 1409 1590 1470 antica

419 1511 579 1572 esicura.
605 1511 631 1570 11
658 1512 799 1572 secondo
825 1511 970 1590 viaggio,
994 1513 1219 1588 giustamento
1249 1513 1412 1589 collegato
1444 1510 1517 1574 coll'
1534 1533 1588 1591 ap·

420 1619 618 1692 provazione
641 1615 717 1678 dell’
735 1619 870 1696 Ordine,
897 1623 1052 1680 ottennta
1075 1620 1117 1680 da
1140 1620 1309 1682 Clemente
1334 1621 1384 1682 VI
1408 1622 1460 1682 nel
1491 1624 1588 1702 1344,

420 1726 454 1784 fn
480 1743 585 1786 menso
608 1731 855 1788 erroneamente
871 1745 891 1786 a
907 1727 1070 1788 riscontro
1086 1728 1139 1788 del
1164 1728 1340 1806 privilegio
1363 1745 1518 1792 concesso
1534 1731 1589 1791 nel

421 1835 508 1892 1324
531 1833 573 1894 da
598 1833 765 1894 Giovanni
792 1836 913 1896 XXII:
941 1835 992 1895 cio
1009 1853 1066 1910 per
1082 1853 1148 1896 uno
1171 1836 1372 1914 confusione,
1397 1836 1589 1898 focilissime

419 1957 586 2002 acescere
609 1941 649 2002 ed
672 1959 692 2002 a
716 1941 909 2018 propagarsi
936 1947 988 2002 tm
1012 1942 1022 2001 i
1047 1943 1185 2020 monaci,
1209 1943 1341 2018 quando
1365 1943 1375 2002 i
1399 1943 1589 2006 documenti

420 2065 519 2108 erano
543 2065 604 2107 con
628 2047 801 2108 coverchin
824 2047 989 2124 diligente
1011 2049 1171 2110 custoditi
1195 2050 1241 2126 (³).

488 2155 707 2232 Confenmeto‚
734 2173 792 2231 per
815 2155 961 2216 autoritt
985 2156 1018 2216 di
1043 2173 1129 2232 papo
1152 2157 1321 2218 Clemente
1349 2158 1406 2234 VI,
1432 2153 1453 2216 l’
1463 2158 1590 2220 Ordine

419 2262 453 2323 di
477 2261 708 2340 Montolivcto‚
733 2261 755 2322 il
781 2263 819 2322 B.
844 2263 1015 2324 Bernordo
1040 2263 1196 2342 Tolomei,
1228 2264 1288 2324 che
1312 2281 1353 2324 no
1376 2264 1411 2324 fu
1434 2265 1458 2324 il
1483 2265 1589 2341 primo

486 2491 520 2560 (¹)
541 2489 616 2542 Ecco
636 2489 663 2542 ie
684 2489 784 2558 peroio
803 2487 881 2542 delle.
900 2487 1033 2544 Cranaos
1052 2490 1290 2561 rimeneggista:
1325 2489 1437 2544 «Haec
1466 2492 1514 2545 vir
1539 2491 1594 2544 Dei

416 2579 571 2634 Johsnnes
590 2596 608 2632 a
626 2577 747 2632 Summo
766 2578 905 2649 pontifice
926 2579 1025 2634 delete
1045 2579 1101 2634 sibi
1122 2581 1234 2650 scripte
1248 2581 1542 2652 suscipiens(qnibus
1556 2580 1593 2634 ed

414 2668 515 2723 sedem
533 2668 728 2738 apostolicam
748 2668 949 2736 evocabatur),
968 2685 1003 2722 ec
1022 2670 1048 2722 ei
1062 2667 1208 2722 divinitus
1228 2667 1403 2722 mandatum
1422 2669 1496 2722 iilud
1515 2686 1593 2723 rece-

414 2760 519 2829 pisset,
536 2758 649 2810 statuit
668 2758 840 2827 apostolicis
859 2757 1067 2828 obtemperare
1087 2759 1271 2828 praeceptis:
1300 2759 1333 2812 in
1352 2759 1409 2812 hac
1431 2775 1497 2812 vcro
1517 2758 1596 2828 facti

414 2847 611 2918 continpentia
624 2864 684 2902 non
697 2864 759 2900 una
772 2845 910 2900 maiorem
920 2850 1088 2902 nostrorum
1106 2847 1166 2915 suit
1183 2846 1304 2917 opinio:
1321 2847 1376 2902 atii
1393 2848 1470 2902 enim
1483 2847 1596 2916 innunt,

414 2939 522 2992 nedum
542 2936 759 3004 traditionibus,
777 2938 829 2990 sed
846 2936 933 2991 etiam
947 2934 1098 2991 nonnuliis
1106 2953 1162 3007 per
1174 2937 1380 2992 uetustissimis
1396 2936 1595 2992 monumentis

410 3025 524 3095 prefati
549 3024 675 3079 archivii
701 3024 813 3079 Montis
843 3024 947 3080 oliveti
970 3023 1010 3095 (i),
1038 3029 1233 3093 assernerunt,
1253 3027 1385 3080 eumdem
1403 3043 1517 3080 sennium
1537 3026 1596 3081 Dei

413 3116 568 3179 Joannem‚
587 3116 686 3182 utpote
705 3113 970 3168 obedientissimum
989 3116 1108 3167 sanctae
1126 3111 1204 3167 sed-is
1219 3113 1322 3182 fitium,
1347 3114 1448 3168 statim
1476 3119 1594 3184 accepto

413 3205 555 3258 mandato
572 3207 598 3256 et
616 3203 758 3274 imperato
778 3203 906 3272 reliquis,
935 3207 969 3256 ut
995 3221 1050 3272 pro
1074 3202 1159 3272 felici
1186 3219 1320 3256 successu
1348 3203 1381 3256 in
1403 3203 1593 3268 orationibus

414 3294 522 3364 vipitiis
540 3297 568 3347 et
580 3293 706 3362 jeiuniis
726 3293 831 3348 maiori
847 3295 952 3348 ardore
968 3293 1138 3363 persistant,
1158 3309 1287 3346 unacum
1309 3292 1458 3348 Ainbrooio
1469 3294 1595 3348 Piccolo

413 3383 504 3437 minio
526 3382 699 3436 Acenionem
717 3381 876 3448 accessisse,
895 3381 978 3451 eique
996 3381 1073 3436 mira
1093 3380 1125 3436 in
1144 3380 1247 3436 itinere
1265 3380 1415 3448 accidisse,
1434 3385 1462 3436 et
1478 3399 1498 3436 a
1517 3384 1594 3436 Pon·

412 3471 484 3540 tifice
502 3470 623 3538 baiipne
641 3469 761 3538 accepti,
779 3470 833 3539 qui
850 3487 917 3524 oum
936 3487 1049 3526 omnem
1066 3469 1117 3525 sui
1134 3469 1266 3525 instituti
1292 3474 1320 3524 et
1348 3469 1424 3524 citae
1450 3470 1594 3526 rationem

412 3561 570 3626 didicisset,
590 3563 732 3638 tanquam
745 3559 910 3614 innnocentes
922 3561 962 3614 ud
976 3561 1158 3630 Episcopum
1177 3559 1340 3626 dictinum,
1354 3558 1439 3614 ateis
1458 3559 1595 3616 habitum

412 3655 438 3705 et
456 3652 587 3720 requiam
611 3649 800 3717 praesciebat,
818 3647 955 3704 remisit...
981 3681 1007 3688 —
1029 3651 1166 3704 Attamen
1188 3648 1242 3704 alii
1269 3649 1427 3719 affirmant,
1454 3648 1486 3702 id
1513 3651 1595 3718 quod

412 3738 509 3808 mapis
526 3736 680 3792 uerisimile
698 3741 830 3806 apparet,
852 3741 883 3791 ut
901 3739 938 3792 ab
958 3738 1017 3792 hiis
1035 3737 1142 3792 audivi
1159 3737 1324 3792 senioribus
1342 3737 1451 3792 nostris
1467 3754 1522 3807 per
1542 3755 1595 3792 an·

413 3829 526 3898 tiquam
544 3825 678 3880 similiter
689 3826 821 3882 habitam
840 3827 1038 3896 traditionem,
1056 3843 1159 3896 itempe
1176 3843 1293 3882 seruum
1312 3825 1369 3880 Dei
1386 3827 1593 3881 Jotmmem....

412 3933 450 3974 ecc
468 3917 509 3971 cis
527 3915 609 3988 (filiis
636 3917 710 3978 ouis)
730 3916 852 3985 elepisse,
880 3932 953 3985 quos
980 3916 1130 3984 aptissimi
1156 3917 1197 3970 ad
1224 3917 1411 3970 subeundum
1436 3915 1596 3985 asperrimi

411 4007 491 4062 itlius
509 4005 624 4059 itinn-is
642 4005 853 4075 pravissimum
874 4007 1024 4060 deberem...
1038 4006 1191 4074 judicavit
1210 4023 1267 4059 ecc.
1284 4004 1445 4061 cni-onnon
1459 4000 1593 4072 Carmeli„

413 4095 482 4150 God.
502 4095 535 4161 B,
554 4093 604 4147 fol.
622 4093 709 4148 x-X’.

486 4184 518 4254 ι’)
538 4183 573 4236 In
592 4183 797 4238 conclusione:
817 4185 838 4237 il
850 4185 1003 4254 Bergense
1018 4201 1088 4255 pose
1102 4186 1133 4238 in
1147 4186 1270 4255 vieggio
1284 4184 1305 4238 il
1319 4183 1451 4238 Tolomei
1462 4184 1510 4236 nel
1524 4183 1596 4238 1344

412 4275 448 4330 ed
469 4274 536 4328 erro
556 4274 604 4326 nel
624 4273 764 4328 mandere
784 4274 822 4329 ed
842 4275 1003 4345 Avignone
1022 4275 1044 4328 11
1064 4275 1211 4328 Tolomei:
1232 4276 1258 4328 le
1278 4273 1335 4328 due
1355 4274 1508 4328 Oronecho
1521 4280 1595 4328 met-

413 4372 484 4419 tono
503 4364 674 4434 in'viaggio
693 4363 750 4417 due
769 4365 893 4432 monaci,
922 4382 975 4434 per
1000 4370 1119 4418 ottencr
1150 4365 1168 4417 l'
1182 4365 1409 4434 approveziono,
1429 4362 1466 4418 ed
1483 4379 1594 4418 erreno

411 4454 461 4507 nei
479 4452 584 4508 fissere
603 4453 625 4505 il
645 4453 764 4522 viaggio
783 4453 832 4507 nol
854 4452 931 4508 1324.
952 4483 984 4494 -
1016 4455 1043 4506 11
1072 4455 1168 4525 primo
1188 4454 1310 4524 vieggio
1329 4451 1423 4522 (1319)
1444 4451 1517 4506 colle
1537 4468 1593 4506 sue

412 4543 605 4607 circestenze,
624 4538 742 4594 riferito
762 4539 839 4596 daile
859 4541 1011 4598 Cronecho
1031 4560 1046 4598 e
1067 4543 1182 4598 teciuto
1202 4541 1250 4594 del
1268 4541 1431 4610 Bangenos,
1452 4555 1524 4609 pose
1549 4556 1593 4594 so·

412 4650 466 4703 pre
484 4629 677 4685 fondamento
696 4629 898 4702 leggendario.
