3642 5510
515 517 556 578 20
581 529 584 538 ·
874 515 1017 578 Antosni
1036 517 1222 588 Romanula

516 725 612 788 qoam
636 710 776 773 trecenti
800 709 951 774 monachi
971 710 1006 771 in
1027 710 1141 772 nostra
1167 709 1385 772 consisterent
1408 706 1590 785 religione,

516 831 581 877 uuo
610 815 721 880 temen
752 817 860 879 auimo
876 815 880 898 Ι
896 797 930 880 et
954 817 1133 880 voluntate.
1159 820 1198 878 ln
1225 817 1280 878 illo
1312 818 1466 894 tempore,
1493 829 1587 892 pene

414 947 428 996 ‚¹
516 924 620 986 omnis
640 923 802 1003 regularis
827 923 1037 987 observantie
1056 921 1155 1004 anull
1172 923 1238 985 leta
1258 923 1331 985 erat
1351 922 1385 983 in
1406 922 1522 992 Gallia,
1547 921 1586 980 in

516 1030 610 1092 Italia
630 1033 728 1109 atque
749 1031 782 1092 in
803 1033 958 1094 universo
978 1033 1056 1094 orbe
1070 1047 1218 1104 romano;
1234 1029 1238 1111 Ι
1256 1029 1516 1092 disforciensium
1534 1027 1586 1088 vi-

515 1135 641 1208 delicet,
664 1136 964 1207 camaldulensium,
990 1137 1089 1215 atque
1114 1137 1357 1206 vallumbrosa:
1380 1132 1460 1214 neci
1480 1133 1582 1212 [non]

516 1243 549 1302 et
568 1241 709 1304 fratrum
729 1242 983 1315 Predicatorum,
1004 1257 1043 1304 ac
1062 1242 1234 1304 Minorum.
1249 1243 1386 1304 Sanctus
1400 1241 1486 1304 euim
1501 1242 1587 1300 Ber·

516 1349 682 1422 nardinue,
703 1350 757 1428 qui
775 1347 779 1430 Ι
795 1348 894 1411 michi
916 1365 1034 1428 magum
1055 1349 1285 1418 familiaritatis
1298 1350 1333 1410 et
1346 1349 1487 1410 amicitie
1506 1347 1587 1408 vin-

516 1455 589 1516 culo
609 1455 801 1518 coniunctus
817 1453 821 1534 Ι
839 1455 909 1528 fuit,
923 1453 1163 1516 observantiam
1177 1456 1339 1516 minorum
1353 1454 1502 1522 matrum,
1516 1467 1586 1530 que

515 1575 604 1622 nnnc
623 1559 723 1637 viget,
744 1560 813 1636 ipse
832 1559 963 1637 incepit.
980 1557 984 1639 Ι
1000 1559 1118 1621 Audivi
1138 1561 1229 1622 certe
1249 1561 1289 1621 ab
1310 1559 1455 1636 expertis
1475 1559 1509 1619 et
1522 1573 1583 1618 an·

515 1665 615 1744 liquis
643 1665 797 1742 patribus,
824 1682 902 1728 raro
922 1664 928 1746 Ι
949 1666 1038 1728 ultra
1068 1667 1292 1730 centenarium
1325 1667 1516 1745 religionem
1544 1666 1582 1725 in

515 1771 723 1834 observantia
743 1774 834 1845 bona,
856 1789 1056 1851 permanere,
1072 1772 1076 1854 Ι
1093 1775 1169 1853 quia
1189 1775 1283 1836 valde
1303 1774 1430 1835 difficile
1444 1773 1503 1845 est,
1523 1772 1582 1832 diu

515 1878 548 1940 in
563 1879 674 1942 arduis
688 1881 875 1944 consistere.
887 1882 969 1944 Ecce
985 1898 1029 1944 ex
1042 1897 1095 1944 ma
1108 1879 1112 1961 Ι
1126 1881 1274 1944 nualibus
1287 1881 1463 1951 exercitiis,
1474 1893 1582 1941 exem-

514 1985 603 2061 plum
623 1986 797 2070 capientes,
811 1986 847 2048 in
865 1986 1004 2048 medium
1025 1987 1157 2064 profers
1172 1983 1177 2065 Ι
1193 2003 1273 2047 mus.
1294 1987 1419 2057 Nonne,
1439 1986 1477 2045 nt
1496 1983 1579 2062 aspi·

516 2089 627 2164 cimus,
647 2107 840 2170 unaqueque
854 2107 909 2153 ars
923 2108 997 2154 cum
1018 2108 1136 2170 magno
1152 2090 1157 2172 Ι
1173 2092 1305 2154 fervore
1324 2090 1502 2168 incipitur?
1522 2090 1581 2150 Set

516 2195 606 2257 oerte
625 2196 819 2274 negligendo
834 2197 988 2274 paulatim
1001 2197 1113 2259 enulla
1128 2195 1133 2276 Ι
1150 2197 1214 2258 tur.
1235 2197 1301 2258 Sub
1314 2211 1415 2258 onere
1428 2211 1580 2274 namque,

515 2299 679 2361 fastidium
708 2302 859 2378 patimur,
880 2301 943 2362 nisi
970 2301 1067 2380 singu
1082 2300 1087 2381 Ι
1104 2301 1181 2363 laris
1202 2301 1381 2363 salvatoris
1401 2300 1518 2379 gratia,
1538 2301 1580 2360 de

516 2406 567 2468 die
587 2407 621 2467 in
641 2406 735 2480 diem,
762 2407 951 2469 renovando
975 2408 1146 2470 subveniet
1162 2407 1165 2488 Ι
1182 2407 1282 2470 nobis.
1304 2407 1345 2469 ut
1364 2407 1435 2469 ideo
1455 2408 1580 2468 Aristo-

515 2510 589 2572 tiles
603 2511 734 2572 omnino
754 2503 910 2574 affirmat:
931 2511 1095 2575 Virtutem
1112 2511 1116 2592 Ι
1134 2513 1167 2572 iu
1188 2513 1368 2575 difficilibus
1389 2513 1578 2574 consistere.

516 2616 608 2708 Unde
628 2615 745 2694 religio
765 2617 888 2689 nostra,
908 2617 1039 2679 noviter
1058 2618 1152 2695 incep
1168 2615 1173 2697 Ι
1188 2619 1233 2690 ta,
1253 2617 1431 2696 evestigio
1452 2617 1490 2677 ad
1511 2633 1578 2676 ma-

515 2737 616 2800 gnum
636 2723 847 2799 augmentum
868 2724 1009 2785 fratrum
1030 2722 1199 2800 pervenit;
1220 2724 1298 2794 tum,
1325 2725 1391 2784 Deo
1407 2720 1411 2802 Ι
1428 2723 1579 2800 spiritum

515 2844 609 2888 suum
623 2829 772 2891 cordibus
785 2845 899 2892 eorum
912 2831 1118 2903 infundente:
1132 2833 1212 2903 tum,
1225 2832 1302 2909 quie
1321 2831 1413 2891 nulla
1433 2830 1497 2892 alia
1509 2828 1513 2908 Ι
1526 2845 1579 2890 re-

517 2932 644 3010 ligionis
659 2951 772 2997 norma
786 2937 820 2996 in
834 2937 1041 2999 observantia
1051 2938 1255 3010 consistebat,
1270 2937 1331 2998 nisi
1347 2938 1449 2998 solum
1461 2933 1575 3015 Oertul

515 3038 639 3102 elensis.
661 3041 719 3102 Est
738 3056 818 3119 ergo
838 3041 930 3102 uobis
954 3057 1027 3102 cum
1049 3041 1207 3119 propheta
1229 3041 1406 3103 orandum:
1427 3038 1576 3120 Oonverl

514 3144 547 3204 te
567 3159 636 3215 nos,
650 3145 787 3218 domiue,
801 3145 835 3208 et
847 3145 1093 3208 convertemur:
1115 3146 1236 3207 innova
1255 3145 1323 3208 dies
1344 3145 1473 3206 nostros
1494 3144 1580 3206 sicut

514 3263 534 3308 a
547 3249 705 3328 principio
718 3251 774 3330 (1).
791 3250 795 3332 Ι
812 3254 907 3314 Nunc
920 3252 1030 3330 itaque
1044 3251 1108 3314 hiis
1122 3253 1340 3330 pretermissis
1354 3253 1393 3314 ad
1402 3251 1579 3330 sequentia

383 3353 404 3384 ⁰·
514 3355 694 3417 veniamus.
714 3357 833 3418 Frater
850 3359 979 3418 Beruar
995 3355 999 3436 Ι
1016 3357 1085 3428 dus,
1099 3357 1191 3418 cuius
1205 3357 1401 3420 mentionem
1415 3355 1465 3435 (a)
1486 3371 1580 3432 supe-
1672 3345 1676 3356 '

513 3457 583 3518 rius
604 3459 748 3530 fecimus,
772 3461 843 3536 post
865 3460 1044 3521 triennium
1066 3460 1099 3520 in
1120 3461 1268 3522 abbatem
1285 3459 1289 3540 Ι
1305 3461 1492 3524 assumitur.
1517 3461 1578 3526 Qui

514 3563 587 3640 post
599 3563 768 3624 annuatim
789 3565 976 3642 suppliciter
995 3565 1229 3628 absolutionem
1243 3566 1366 3644 peleus,
1386 3567 1492 3629 denuo
1508 3565 1512 3646 Ι
1528 3581 1579 3628 as·

514 3670 718 3741 sumebatur;
739 3671 773 3731 et
792 3671 840 3731 sic
859 3670 894 3731 in
913 3671 1219 3750 abbatlatu.vigiuti
1243 3675 1365 3758 septem
1389 3675 1486 3735 annis
1506 3689 1579 3751 per-

515 3773 642 3834 mansit.
673 3772 734 3834 Hic
757 3771 1004 3853 lmonasteriis3
1032 3775 1066 3837 et
1093 3775 1303 3854 mona[ch]is‚
1338 3781 1405 3840 Deo
1438 3779 1578 3852 favente,

514 3878 682 3954 ampliavit
702 3879 858 3940 ordinem.
880 3881 929 3940 Fu
945 3877 949 3959 Ι
966 3879 992 3940 it
1012 3880 1098 3942 enim
1121 3897 1179 3958 per
1199 3883 1308 3943 omnia
1333 3883 1386 3944 vir
1406 3883 1501 3945 valde
1521 3885 1579 3944 mi·

514 3984 625 4045 rabilis
652 3985 686 4046 et
711 3988 858 4046 sauctus:
885 3985 971 4047 dedit
998 4001 1125 4065 quoque
1151 3987 1335 4065 patrimonii
1352 3985 1356 4067 Ι
1373 3987 1423 4049 sui
1450 4004 1577 4051 omnem

550 4227 590 4295 (c)
610 4225 699 4281 Text.
718 4226 763 4282 B:
782 4229 956 4284 memoriam.

550 4347 590 4420 (1)
610 4347 745 4420 Tenem,
767 4347 804 4421 V,
824 4349 868 4405 at.

802 5494 1143 5504 ——-——·-—--—--—-·-—-‘
1157 5495 1408 5506 ··-—-—-=-—·—-——··—-
1439 5499 1529 5508 -ι-
1546 5499 1548 5501 -
1568 5487 1720 5506 -·--·“““
