3646 5520
521 518 564 581 68
965 515 1147 594 appetam

521 711 602 778 chos
622 727 853 793 permansuros
873 711 1000 787 ibidem,
1013 711 1130 792 regula
1143 709 1230 776 beati
1243 709 1409 774 Benedicti
1423 707 1590 780 servetur,

521 819 556 884 et
571 817 780 885 observantis
799 817 1000 884 monachalis
1020 819 1132 900 vigeat
1151 818 1187 881 in
1200 817 1321 882 eodem
1334 816 1415 881 Item
1428 816 1466 880 ut
1478 814 1591 888 abbas,

520 923 716 1008 monac[b]i,
743 926 895 992 conversi
921 927 956 992 et
981 925 1038 990 alii
1064 925 1251 998 familiares,
1271 924 1328 1004 qui
1352 939 1412 1004 pro
1436 921 1588 1002 tempore

520 1031 645 1097 luerint
670 1033 706 1096 in
733 1033 931 1101 monasterio
954 1033 1035 1113 ipso,
1058 1031 1194 1096 liberius
1218 1031 1252 1096 et
1278 1031 1419 1112 quietius
1434 1028 1440 1112 Ι
1455 1027 1590 1094 valeant

519 1139 656 1202 Domino
676 1139 840 1214 famulari,
861 1139 1094 1204 monasterium
1114 1139 1218 1218 ipsum
1239 1137 1377 1202 liberum
1397 1136 1534 1200 iacimus
1553 1133 1589 1198 et

519 1245 707 1326 exemptum
726 1247 767 1310 ab
787 1247 875 1310 omni
899 1245 1061 1310 solutione
1086 1245 1295 1320 decimarum,
1315 1244 1389 1308 iure
1415 1241 1588 1308 cathedra·

517 1353 592 1427 tico,
612 1351 718 1428 datiis,
738 1351 891 1428 collectis,
904 1353 1072 1433 impositis,
1085 1353 1120 1417 et
1132 1351 1205 1416 aliis
1225 1351 1471 1416 occurrentibus
1484 1349 1587 1412 hone·

517 1459 618 1534 ribus,
639 1459 673 1523 et
695 1458 873 1524 tectoribus
898 1459 1162 1540 quibuscumque,
1182 1459 1224 1523 ab
1242 1459 1330 1530 omni
1355 1459 1429 1538 lege
1447 1455 1586 1536 marisci·

517 1565 615 1629 tionis
635 1565 669 1628 et
688 1565 861 1641 diocesani,
880 1563 1094 1630 decernentes
1113 1581 1153 1630 ac
1168 1565 1173 1647 Ι
1188 1565 1380 1630 mandentes
1402 1579 1508 1644 ypsos,
1527 1577 1584 1626 seu

517 1671 752 1736 monasterium
777 1673 882 1752 ipsum
902 1674 938 1737 in
958 1673 1122 1752 predictis,
1141 1671 1197 1736 vel
1220 1671 1329 1752 aliquo
1355 1668 1583 1750 predictorum,

518 1778 607 1842 nullo
620 1777 767 1860 tempore
780 1779 967 1860 aliqualiter
980 1779 1206 1843 molestandos.
1221 1777 1475 1842 confirmatione
1489 1776 1584 1840 abba·

515 1885 586 1947 tum
610 1885 687 1948 dicti
707 1883 906 1959 monasterii,
925 1885 1114 1950 visitatione
1133 1901 1173 1949 uc
1197 1884 1402 1949 correctione
1426 1884 1529 1963 ipsius
1550 1881 1585 1946 et

515 1990 703 2072 degentium
722 1991 759 2054 in
771 1993 893 2066 eodem,
906 1991 998 2056 nobis
1019 1991 1190 2056 dumtaxat
1209 1991 1396 2071 nostrisque
1414 1988 1584 2054 catholicis

515 2097 756 2162 successoribus
775 2097 964 2163 reservatis.
981 2097 986 2179 Ι
1001 2099 1082 2161 item
1103 2099 1187 2178 quod
1201 2097 1286 2177 apud
1300 2097 1403 2178 ipsum
1422 2099 1584 2160 monaste·

515 2203 602 2266 rium
622 2204 665 2266 sit
693 2203 727 2268 et
747 2219 819 2268 esse
844 2205 955 2284 possit,
980 2205 1187 2279 cimiterium,
1207 2205 1264 2267 ubi
1290 2204 1325 2267 et
1344 2204 1378 2266 in
1403 2219 1468 2284 quo
1493 2217 1584 2281 sepe·

515 2309 640 2371 llantur
664 2309 805 2384 abbates,
826 2307 1010 2392 monac[h]i,
1031 2309 1182 2374 conversi
1209 2309 1244 2374 et
1269 2309 1446 2373 familiares
1470 2323 1582 2371 omnes

515 2415 705 2478 monasmrii
717 2416 904 2495 supradicti.
914 2417 996 2480 Item
1009 2433 1068 2496 pro
1081 2415 1265 2496 amplianda
1278 2416 1379 2495 ipsius
1393 2415 1582 2479 monasterii

514 2521 675 2594 libertate,
696 2522 780 2602 quod
800 2521 898 2585 abbas
918 2537 1007 2586 nunc
1026 2523 1203 2602 eligendus,
1217 2524 1251 2586 in
1266 2523 1334 2602 ipso
1348 2522 1383 2585 et
1403 2523 1459 2602 qui
1480 2521 1581 2584 merit

513 2627 630 2691 ibidem
656 2643 717 2706 pro
742 2628 898 2708 tempore,
914 2626 920 2709 Ι
936 2645 997 2708 per
1021 2645 1057 2692 se
1083 2629 1137 2692 vel
1163 2628 1274 2703 alium,
1300 2628 1353 2691 cui
1380 2627 1581 2691 commiserit

513 2733 605 2798 vices
625 2749 709 2807 suas,
729 2735 831 2814 possit
850 2735 884 2798 et
902 2733 1000 2798 liceat
1024 2735 1083 2798 sibi
1104 2735 1321 2798 confessiones
1335 2725 1580 2809 monachorum,

475 2883 482 2900 ,
514 2855 759 2914 conversorum,
779 2841 812 2904 et
835 2841 1085 2904 familiariorum
1111 2841 1255 2904 omnium
1275 2839 1353 2904 dicti
1381 2839 1583 2912 monasterii,

512 2945 636 3020 andire,
657 2947 692 3009 et
704 2947 751 3010 eis
765 2963 824 3025 pro
844 2947 1023 3010 commissis
1044 2947 1210 3026 imponere
1226 2945 1439 3026 penitentiam
1459 2947 1580 3010 seluta·

514 3067 593 3125 rem,
608 3053 777 3131 corrigere
798 3053 832 3115 et
851 3053 1021 3116 absolvere
1034 3053 1121 3132 ipsos
1134 3069 1255 3126 omnes,
1269 3053 1303 3116 et
1323 3053 1469 3132 singulos
1483 3054 1581 3132 prout
1636 3051 1640 3056 '

512 3157 620 3219 visum
640 3157 742 3221 inerit
761 3159 880 3221 decens
900 3175 982 3222 esse.
1000 3157 1005 3240 Ι
1020 3160 1102 3222 Item
1122 3159 1206 3239 quod
1227 3159 1325 3222 obbas
1345 3160 1380 3223 et
1393 3159 1582 3238 monac[h]i

512 3264 704 3326 monasterii
727 3265 847 3344 prelati
868 3265 993 3354 possint
1012 3265 1047 3326 in
1071 3266 1141 3344 ipso
1160 3265 1357 3330 monasterio
1378 3265 1580 3329 constitutio·

512 3383 571 3431 nes
591 3369 710 3444 iacere,
725 3369 759 3432 iu
780 3370 845 3432 hiis
866 3387 929 3450 que
950 3371 1137 3460 spectarent
1157 3371 1315 3450 adipsum
1335 3371 1580 3444 monasterium,

512 3489 593 3552 quas
612 3475 710 3538 utiles
730 3475 765 3537 et
784 3475 935 3539 decentes
955 3475 1159 3556 providerint
1171 3493 1231 3556 pro
1251 3477 1372 3542 eodem.
1393 3479 1474 3542 Item
1495 3477 1579 3558 qnod

511 3578 609 3642 abbas
634 3582 690 3660 qui
713 3597 772 3659 pro
802 3583 949 3661 tempore
978 3582 1081 3646 luerit
1107 3583 1143 3645 in
1167 3583 1366 3648 monasterio
1393 3583 1578 3664 supradicto

511 3685 613 3763 possit
639 3687 674 3750 et
699 3685 798 3750 liceat
824 3687 885 3750 sibi
912 3687 1062 3752 confiteri
1089 3687 1259 3775 sacerdoti,
1284 3690 1337 3754 cui
1352 3688 1357 3770 Ι
1372 3689 1525 3763 voluerit,
1545 3687 1580 3752 et

511 3791 629 3854 cuncta
648 3795 853 3856 sacramenta
880 3793 914 3856 et
940 3793 1176 3858 absolutionem
1196 3794 1365 3874 percipere
1391 3795 1432 3857 ab
1458 3795 1582 3868 ecdem,

509 3897 544 3958 ct
563 3897 693 3962 ordines
713 3900 753 3962 ab
774 3899 921 3978 episcopo
940 3899 1111 3975 catholico,
1125 3899 1275 3980 quemad
1289 3899 1354 3964 hoc
1373 3899 1507 3964 duxerit
1520 3901 1578 3962 eli-

510 3997 670 4081 gendum3
691 4003 755 4068 hoc
774 4005 872 4067 ctiam
894 4005 1018 4068 licitum
1035 4006 1087 4080 sit,
1101 4005 1136 4068 et
1148 4005 1273 4084 possint
1292 4005 1488 4084 moncc[h]i,
1503 4021 1579 4068 con·

395 4135 398 4140 ·
509 4108 599 4184 versi
619 4107 653 4171 et
672 4109 859 4184 ismillares,
877 4111 931 4190 qui
952 4127 1012 4191 pro
1031 4111 1178 4191 tempore
1197 4109 1322 4175 tuerint
1341 4111 1376 4173 in
1396 4111 1519 4185 eodem,
1536 4110 1577 4174 de

510 4213 642 4276 licentia
651 4215 762 4278 tamen
773 4215 897 4278 abbatis
907 4217 1097 4280 monasterii
1108 4211 1294 4296 supradicti.
1308 4215 1488 4298 {Promissa
1496 4231 1579 4280 vero

509 4333 663 4386 concessa
682 4322 717 4386 et
736 4323 858 4403 largita
877 4339 936 4403 per
953 4339 1023 4399 nos,
1037 4325 1071 4388 et
1085 4325 1334 4404 unumquodque
1353 4325 1507 4403 ipsorum,
1521 4339 1579 4386 va·
