3642 5510
500 561 582 614 ΠΜ
854 551 903 613 De
928 549 1000 613 Vtro
1020 551 1051 614 ei
1072 549 1213 624 sencio

312 773 326 806 ι
342 774 357 806 ιι
377 775 419 807 no·
431 775 474 808 ra.
503 773 519 804 ι
533 741 723 812 Chronicou
734 774 750 804 »
770 743 962 812 faciendum
977 745 1031 830 sit,
1047 751 1256 834 compertum
1267 753 1319 814 est
1333 749 1424 836 apud
1439 770 1557 816 omnes.

498 859 554 926 Ita
576 859 666 926 enim
696 861 737 926 de
758 861 867 950 seipso
895 860 1067 948 loquitur:
1104 891 1120 922 ι
1142 862 1231 929 Nam
1254 885 1340 951 quae
1361 864 1558 952 scripsimus,

498 953 624 1064 partim
646 999 688 1044 ex
707 977 850 1045 archivii
866 977 994 1045 Montis
1009 977 1135 1046 Oliveti
1156 979 1356 1066 excopimus,
1378 979 1504 1068 partim
1519 981 1559 1048 ab

498 1091 648 1180 antiquis
669 1093 862 1162 audivimus
883 1093 1048 1182 patribus,
1072 1093 1140 1162 alie
1161 1094 1266 1162 oculis
1288 1095 1412 1164 nostris
1433 1118 1560 1184 perspe-

497 1208 602 1276 Simus
625 1239 640 1270 a
661 1211 717 1294 (1).

541 1323 638 1404 Quod
660 1331 776 1392 tamen
792 1346 862 1426 npn
877 1325 927 1392 ita
941 1326 1058 1394 stricte
1080 1326 1310 1415 accipiendum
1325 1332 1360 1394 et
1373 1325 1560 1416 intelligen-

496 1440 578 1508 dum
600 1441 766 1526 existimo,
790 1464 828 1509 ac
850 1441 879 1508 si
900 1441 1015 1508 omnia
1037 1465 1123 1530 quae
1145 1441 1276 1530 abipso
1298 1443 1486 1528 tradantur,
1509 1465 1560 1510 ve

495 1557 584 1624 riora
606 1579 754 1645 auroque
775 1557 913 1646 puriora
931 1580 1001 1624 esse
1023 1558 1155 1646 aliquis,
1171 1558 1281 1646 primo
1295 1557 1435 1644 intuitu,
1451 1563 1556 1646 putet.

495 1673 676 1760 Bargensis
698 1673 789 1740 enim
811 1674 893 1742 dum
915 1673 1027 1742 brevis
1049 1695 1119 1742 esse
1133 1674 1273 1760 laborat,
1297 1675 1457 1742 obscurus
1478 1675 1559 1744 iutu-

494 1789 559 1854 rim
581 1789 630 1855 fit.
655 1789 765 1856 Immo
787 1789 925 1857 lectores
947 1789 1093 1858 monitos
1115 1789 1229 1874 velim,
1245 1811 1289 1856 no
1303 1790 1392 1856 hanc
1414 1789 1558 1858 Antonii

493 1905 675 1992 Bargensis
697 1905 851 1994 opellam,
875 1905 1052 1972 dissertum
1076 1905 1211 1972 Ordinis
1226 1904 1399 1973 Olivetaui
1420 1907 1559 1993 comple

493 2028 631 2109 tamque
652 2022 886 2107 undecumque
908 2021 1084 2090 historiam
1107 2043 1177 2088 esse
1200 2026 1397 2088 autument:
1426 2021 1518 2106 dum,
1541 2044 1559 2088 e

492 2144 619 2222 contra,
654 2137 792 2204 nonnisi
820 2137 933 2206 brevis
961 2137 1230 2224 incompletaque
1259 2137 1300 2204 de
1329 2137 1496 2225 principio
1525 2143 1558 2204 et

492 2253 623 2340 origine
645 2253 772 2320 ordinis
794 2253 903 2320 nostri
925 2253 1102 2338 enarratio,
1126 2251 1227 2320 sicuti
1256 2253 1461 2337 inscribitur,
1486 2275 1557 2320 cen-

491 2370 595 2436 senda
617 2369 670 2435 sit.
695 2369 768 2448 Quo
799 2369 937 2436 tandem
960 2368 1142 2456 aliquando
1172 2368 1297 2454 evenit,
1324 2375 1365 2435 ut
1392 2370 1555 2436 nonnulla

491 2485 599 2553 sobrie
621 2485 803 2573 paucisque
829 2485 942 2554 vorbis
970 2493 1194 2573 exponantur,
1225 2485 1391 2552 nonnulla
1419 2485 1555 2552 omnino

490 2624 532 2668 ex
554 2601 688 2688 integro
711 2601 845 2668 silentio
867 2606 1141 2688 praetereantur:
1166 2601 1233 2668 alia
1254 2621 1335 2668 vero
1357 2600 1465 2666 obiter
1483 2605 1555 2666 tau·

490 2723 565 2784 tum
580 2717 669 2784 dicta
683 2715 909 2804 reperiantur;
933 2717 1033 2804 plura
1047 2717 1190 2804 denique
1205 2715 1273 2783 fere
1288 2715 1433 2804 simplici
1450 2720 1553 2798 tactu,

489 2833 552 2899 hac
580 2832 666 2916 illac,
698 2832 761 2898 sub
790 2832 967 2916 velamine,
1001 2833 1110 2899 menti
1138 2831 1325 2918 legentium
1355 2832 1551 2898 innuantur.

488 2949 566 3036 Ipse
598 2948 690 3014 enim
721 2947 860 3032 Auctor,
895 2948 1014 3036 primis
1046 2948 1173 3016 ordinis
1206 2947 1413 3034 temporibus
1446 2946 1552 3015 vitam

488 3087 601 3152 agens,
625 3086 731 3152 quum
750 3064 903 3130 omnium
916 3063 1100 3130 illustrium
1123 3063 1274 3130 virorum
1297 3062 1396 3147 facta,
1420 3061 1552 3130 florenti

488 3180 598 3262 adhuc
619 3179 789 3264 memoria,
814 3180 935 3247 alta'in
957 3183 1071 3246 mente
1092 3179 1238 3266 reposita
1259 3185 1295 3244 et
1317 3178 1380 3244 sub
1402 3177 1552 3246 omnium

487 3296 592 3364 oculis
613 3295 775 3363 continuo
797 3301 917 3380 essent,
941 3317 1028 3383 pene
1049 3316 1336 3382 supervacaneum
1358 3293 1429 3360 fore
1443 3293 1549 3376 duxit,

486 3435 568 3500 prae
588 3411 746 3479 manibus
776 3409 889 3478 omnia
911 3417 947 3477 et
968 3411 1103 3496 singula
1125 3415 1240 3494 terere,
1271 3409 1461 3498 scriptoque
1487 3413 1551 3474 tre-

486 3528 563 3594 dere
586 3549 671 3630 quae
694 3549 809 3594 omnes
831 3528 948 3615 procul
962 3525 1065 3594 dubio
1083 3525 1242 3608 sciebant,
1266 3525 1370 3592 immo
1390 3523 1549 3591 diuturna

486 3641 592 3709 animi
614 3641 817 3731 perfectione
838 3643 1072 3726 imitabantur,
1095 3640 1332 3729 operabantur.

485 3961 549 4001 sem
561 3942 627 3999 fato
640 3942 768 3999 cessisse
781 3959 861 3998 anno
875 3942 954 4014 1452,
966 3943 1152 4015 contumuit,
1164 3959 1226 3998 non
1239 3941 1378 4014 potuisse
1390 3957 1470 3996 auno
1481 3941 1550 3996 1476

484 4031 601 4089 Jacobo
620 4031 657 4087 de
681 4032 779 4104 Carpo
801 4030 962 4087 historiam
987 4048 1084 4101 suam,
1109 4048 1165 4088 seu
1190 4031 1349 4094 Otrom'coa
1371 4029 1546 4102 inscribere,

484 4121 687 4177 confiteamur
699 4137 822 4176 necesse
835 4125 891 4176 est.
902 4120 1067 4192 Bargousis
1080 4125 1194 4190 autem,
1204 4119 1254 4176 uti
1266 4123 1389 4176 constat
1401 4118 1549 4191 exipsius

483 4211 621 4284 prologo,
640 4227 704 4265 nou
722 4209 839 4264 Jacobo
852 4209 890 4266 de
908 4209 1014 4282 Carpo,
1029 4209 1083 4266 sed
1095 4209 1116 4266 J
1118 4209 1233 4266 obauni
1251 4209 1287 4264 de
1305 4207 1432 4264 Marcha
1450 4209 1546 4276 Nova,

479 4300 545 4372 jam
563 4297 653 4354 nobis
671 4302 755 4367 uoto,
775 4297 808 4353 in
827 4296 904 4354 urbe
926 4297 1073 4370 patavina
1096 4297 1215 4354 doctori
1238 4296 1431 4370 philosopho,
1451 4295 1549 4352 sodali

483 4386 720 4455 camaldulensi,
740 4387 899 4444 otronuoa
917 4403 1011 4444 suum
1029 4387 1145 4444 dicasse
1164 4390 1355 4458 compertum
1373 4389 1430 4444 est.

518 4477 555 4547 (1)
574 4475 620 4533 (tf.
640 4478 677 4533 A.
698 4476 891 4548 Baccarus,
912 4494 941 4547 p.
961 4478 988 4532 4.
