3686 5552
430 517 472 576 48
912 531 944 578 P.
969 531 1122 580 LUGANO

563 659 578 664 -
590 659 639 664 -—
652 659 880 666 ...—--·—--—.
899 660 976 666 ..-—
995 661 1197 670 ...nn—-

429 755 480 808 ste
504 749 674 810 Cronaohe
697 747 744 830 (¹),
768 750 888 810 diritto
910 751 1025 830 civile,
1047 753 1088 812 ad
1111 752 1179 812 alla
1201 770 1262 814 sua
1284 753 1437 814 cattedra
1457 769 1603 814 reccurre-

430 871 515 914 vano
539 855 670 934 scolari,
694 855 877 916 ‹lesiderosi
900 856 935 916 di
960 873 1088 936 sapere,
1118 859 1162 918 da
1188 857 1268 934 ogni
1300 863 1396 935 parte
1425 853 1457 918 d’
1475 857 1602 936 Italia3

429 957 514 1022 tant'
530 979 588 1022 era
611 963 644 1023 la
669 963 756 1024 fania
778 966 838 1026 alre
861 983 902 1026 ne
924 966 1126 1028 circundare
1149 966 1174 1026 il
1197 967 1378 1044 megistero
1406 983 1425 1026 e
1448 965 1473 1026 il
1496 981 1602 1026 nome.

477 1197 511 1268 (¹)
531 1197 572 1251 Mi
593 1199 676 1269 piace
696 1199 814 1256 riferire
836 1205 944 1273 questo
973 1207 1079 1270 tratto‚
1107 1201 1302 1274 togliendone
1329 1201 1372 1274 gli
1401 1200 1608 1256 abbellimanti

423 1284 576 1356 superflui.
610 1287 701 1342 ‹Hic
729 1291 925 1356 lBarnardus)
953 1293 985 1346 in
1015 1292 1138 1346 saeculo
1155 1293 1342 1346 constitutus
1359 1310 1366 1344 z
1383 1297 1415 1345 et
1433 1288 1607 1344 declarandi

425 1376 499 1429 iuris
517 1377 616 1432 civilis
627 1379 657 1434 in
677 1377 794 1450 prefata
812 1381 938 1436 civitate
958 1397 1013 1437 sua
1031 1380 1208 1436 cathedram
1227 1386 1345 1436 tenens:
1365 1397 1459 1452 quum
1472 1377 1607 1434 eiusdem

423 1462 578 1520 facultatis
596 1467 697 1522 studio
716 1469 843 1527 eollioite
863 1487 985 1542 operam
1005 1469 1111 1526 daret:
1142 1476 1174 1526 et
1192 1487 1354 1526 numerosa
1374 1470 1535 1525 scolarium
1555 1483 1606 1522 eu-

422 1553 555 1608 ditorum
574 1571 700 1610 suorum
720 1557 915 1614 multitudine
934 1565 1091 1632 gravatus,
1104 1559 1334 1632 investigandae
1354 1558 1509 1612 doctrinae
1524 1555 1608 1611 illius

425 1645 547 1696 veritati
566 1647 716 1702 curiosius
735 1647 913 1718 intenderet,
933 1649 971 1704 ob
990 1651 1155 1720 sapientiae
1178 1666 1250 1704 suae
1272 1650 1475 1719 scientiaeque
1499 1645 1609 1702 doctri·

424 1751 494 1787 nam
514 1735 585 1806 (qua
604 1738 733 1792 maxime
752 1739 894 1810 pollebat)
914 1740 1024 1794 charus
1043 1741 1184 1794 omuibus
1209 1745 1241 1794 et
1267 1741 1463 1811 gratissimus
1482 1733 1609 1792 habeba-

423 1827 500 1876 tur...
519 1822 596 1878 Nam
615 1843 708 1896 quum
726 1827 917 1884 auditoribus
936 1829 999 1883 suis
1018 1829 1155 1883 iustitiae
1173 1829 1299 1883 semitas
1313 1835 1344 1882 et
1358 1829 1459 1898 legum
1478 1825 1607 1882 sanctio-

423 1929 476 1966 nes
494 1911 592 1970 fidelis
610 1914 715 1970 doctor
733 1915 754 1970 J
756 1934 868 1972 oannes
881 1919 1012 1972 maxima
1024 1935 1093 1972 curn
1111 1919 1261 1973 charitate
1279 1916 1474 1972 ostenderet:
1497 1921 1529 1970 et
1547 1929 1608 1968 ma·

423 1999 517 2053 terias
544 2001 702 2058 scabrosae
730 2021 765 2057 ac
790 2002 925 2059 difficiles
951 2011 1016 2060 toto
1048 2007 1203 2060 conamine
1234 2004 1401 2059 dilucidare
1431 2005 1607 2056 niteretur:

424 2090 552 2160 contigit
570 2092 699 2162 quadam
718 2092 766 2148 die
785 2094 903 2166 legente
922 2111 958 2149 eo
986 2096 1034 2168 (ut
1052 2095 1180 2166 solebat)
1204 2096 1364 2150 materiam
1389 2091 1477 2148 valde
1503 2089 1609 2146 obseu-

424 2195 488 2232 ram
507 2187 539 2233 et
557 2184 763 2252 scrupolosam
781 2184 842 2238 illis
861 2201 1028 2241 occurrere.
1049 2185 1133 2240 Tunc
1146 2187 1215 2256 pius
1226 2185 1381 2256 magister,
1400 2183 1524 2253 cupiens
1537 2179 1607 2234 illos

423 2285 498 2338 quos
517 2272 563 2324 uti
583 2269 661 2326 filios
680 2272 833 2344 diligebat,
853 2276 1017 2330 veritatem
1036 2277 1151 2330 certius
1170 2275 1333 2340 instruere,
1355 2279 1387 2327 et
1406 2291 1423 2326 a
1442 2272 1497 2326 tali
1517 2267 1609 2324 ambi·

422 2359 541 2428 gnitate
560 2360 684 2416 reddere
704 2363 821 2417 cleros:
841 2365 952 2418 statuit
972 2363 1053 2418 diem
1073 2371 1209 2418 eertum:
1238 2362 1357 2434 quando
1377 2361 1458 2416 diota
1477 2359 1606 2414 materia

423 2448 454 2500 in
473 2447 708 2518 disputationem
728 2451 877 2506 deducta:
908 2460 939 2508 et
959 2454 1028 2510 hinc
1047 2453 1118 2508 inde
1137 2452 1287 2520 (omnibus
1306 2469 1361 2523 pro
1379 2451 1531 2506 sententia
1549 2465 1606 2502 sua

424 2537 627 2606 loquentibus}
648 2540 766 2610 plenius
785 2543 932 2597 ventilata
952 2549 1044 2614 atque
1064 2541 1210 2612 discussa,
1229 2544 1332 2596 lumen
1351 2557 1445 2612 purae
1464 2538 1607 2594 ueritatis

423 2627 635 2681 innotesceret.
655 2629 695 2682 Et
714 2635 749 2682 ut
767 2633 891 2700 veritas,
911 2649 988 2703 quae
1008 2632 1203 2704 querebatur,
1227 2631 1347 2686 facilius
1376 2637 1479 2702 posset
1503 2641 1605 2699 appre-

422 2715 521 2785 hendi,
541 2717 625 2772 iubet
644 2737 747 2776 omnes
766 2722 920 2778 auditores
940 2740 1019 2790 suos,
1041 2725 1176 2794 aliosque
1195 2723 1386 2794 iurisperitos
1414 2719 1494 2774 infre
1521 2717 1607 2790 prefi-

423 2823 495 2858 xum
515 2813 634 2878 tempus
659 2811 749 2864 solito
769 2811 977 2866 vehementius
996 2812 1098 2867 studio
1119 2811 1288 2866 huiusmodi
1310 2813 1413 2882 legum
1435 2809 1605 2866 insistere...

423 2895 529 2949 Dum...
549 2897 613 2952 dies
632 2898 847 2970 disputationis
874 2904 1140 2972 appropinquaret,
1168 2919 1263 2972 quum
1290 2901 1418 2954 alterius
1445 2897 1605 2953 oculorum

423 2984 527 3039 morbo
546 2987 707 3042 laboraret:
727 3007 780 3060 pro
799 2989 952 3046 reddendo
970 2991 1126 3062 discipulis
1146 2992 1311 3062 promissae
1331 2989 1540 3044 collocutionis
1559 2983 1606 3040 de-

423 3073 494 3142 bito,
513 3077 643 3130 salutern
662 3078 720 3132 sibi
739 3097 757 3131 a
776 3080 902 3134 Domino
922 3082 1045 3136 restitui
1069 3081 1258 3151 precabatur.
1286 3080 1326 3134 Et
1355 3095 1422 3134 ecce
1447 3079 1478 3131 in
1508 3077 1604 3130 altero

422 3165 508 3216 oculo
523 3166 787 3222 vehementissimo
800 3186 870 3222 mox
888 3170 990 3224 dolore
1010 3171 1147 3241 torqueri
1160 3172 1267 3242 coepit,
1286 3175 1318 3226 et
1336 3170 1380 3223 ita
1399 3168 1604 3222 invalescente

422 3253 526 3308 morbo
544 3258 681 3326 graviter
699 3256 800 3330 affligi,
820 3267 856 3311 ut
875 3277 949 3329 pene
969 3266 1035 3314 toto
1054 3262 1167 3315 lumine
1186 3262 1326 3330 privatus
1346 3273 1511 3328 coecusque
1537 3251 1605 3308 effe·

421 3349 496 3410 otus,
517 3361 576 3397 non
596 3345 683 3399 modo
703 3347 821 3417 quidem
841 3349 952 3418 legere,
971 3349 1023 3404 sed
1043 3367 1099 3403 nec
1118 3350 1220 3403 lumen
1245 3349 1320 3402 coeli
1340 3349 1472 3418 aspicere
1493 3349 1603 3416 posset.

422 3432 596 3486 ...Votum
616 3438 728 3489 vovit...
749 3438 837 3491 Deo...
856 3439 935 3508 quod
958 3440 984 3493 si
1004 3439 1124 3492 reddita
1143 3438 1201 3492 sibi
1220 3440 1351 3494 sanitate
1375 3437 1520 3492 amissum
1540 3447 1606 3486 ocu-

421 3521 519 3575 lorum
538 3523 639 3577 lumen
658 3543 835 3596 recuperare
855 3535 1033 3596 mereretur,
1054 3529 1239 3598 penitentiae
1264 3527 1403 3582 habitum
1428 3531 1603 3592 statumque

421 3619 591 3666 assumeret
609 3630 768 3670 servorum
787 3616 868 3670 Dei...
893 3617 1013 3672 Emisso
1041 3619 1121 3671 enim
1149 3616 1321 3672 huiusmodi
1351 3621 1431 3682 voto,
1460 3613 1604 3667 continuo

420 3698 555 3755 Joannes
574 3705 670 3757 sensit
689 3705 719 3758 in
739 3721 771 3758 se
791 3705 845 3758 Dei
864 3708 1021 3774 virtutem,
1040 3713 1072 3760 et
1091 3708 1134 3759 ita
1154 3707 1251 3760 omnis
1271 3705 1323 3758 illa
1342 3703 1471 3758 adversa
1490 3703 1605 3755 valetu-

421 3788 459 3844 do
478 3789 515 3842 ab
534 3793 599 3845 eius
619 3794 713 3847 oculis
732 3800 779 3848 est
798 3794 928 3865 fugata...
949 3797 1095 3850 Famulus
1116 3796 1187 3850 Dei..
1208 3795 1338 3866 primum
1366 3793 1404 3846 ad
1432 3792 1604 3862 gratiarum

420 3880 555 3933 actiones
575 3880 731 3935 liberatori
749 3901 803 3937 suo
823 3884 991 3939 reddendas
1011 3891 1058 3939 est
1076 3901 1251 3951 conversus,
1272 3882 1379 3937 deinde
1399 3881 1541 3952 proponit
1566 3877 1604 3931 ad

420 3975 598 4022 consuetum
618 3971 755 4025 lectionis
768 3973 866 4026 locum
878 3981 1033 4044 tamquam
1047 3974 1202 4044 discipulis
1215 3974 1349 4028 lecturus
1361 3970 1512 4026 accedere.
1532 3967 1605 4022 Con·

420 4059 548 4111 veniunt
567 4077 688 4114 omnes..
707 4062 843 4116 ascendit
855 4064 1031 4118 cathedram
1050 4063 1234 4118 doctoralem
1254 4062 1357 4116 doctor
1377 4060 1539 4132 egregius:
1571 4063 1603 4110 et

421 4148 452 4198 in
470 4150 591 4201 nomine
611 4149 730 4203 Domini
749 4153 887 4221 aperiens
906 4170 940 4206 os
959 4170 1057 4221 suum,
1086 4169 1164 4223 quae
1183 4153 1214 4206 iu
1234 4169 1300 4206 eam
1321 4151 1401 4204 Deus
1421 4150 1535 4220 egisset
1553 4145 1607 4198 mi·

420 4235 528 4289 rabilia
548 4254 601 4306 per
620 4239 757 4293 ordinem
775 4243 940 4296 enarravit.
959 4242 1054 4312 Super
1075 4243 1186 4313 quibus
1205 4243 1253 4295 vir
1272 4241 1322 4294 ille
1342 4244 1449 4310 potens
1467 4240 1499 4292 in
1510 4234 1603 4291 verbo

421 4332 453 4378 et
472 4327 569 4379 sancti
588 4326 720 4397 Spiritus
739 4330 809 4400 igne
829 4347 998 4399 succensus,
1020 4348 1190 4385 sermonem
1219 4331 1374 4400 copiosum
1401 4345 1455 4398 pro
1475 4326 1604 4380 lectione

420 4432 592 4486 aggressus,
613 4417 772 4471 mirificam
791 4419 835 4472 eis
853 4419 890 4472 de
912 4420 1016 4474 mundi
1035 4427 1210 4490 contemptu
1239 4419 1409 4472 orationem
1430 4413 1604 4470 exhibuit...

421 4509 527 4562 Obron.
546 4507 581 4575 A,
599 4505 648 4561 fol.
668 4509 695 4577 2,
713 4509 738 4562 3.
767 4541 800 4548 —
830 4509 1048 4564 Dell’autoritb
1072 4510 1103 4563 di
1122 4516 1230 4580 questa
1249 4509 1384 4563 Oroneca
1412 4505 1527 4560 edella
1547 4521 1603 4558 sua

420 4595 580 4649 redazione
600 4598 626 4650 si
645 4599 765 4668 pariere
784 4617 802 4652 a
822 4616 876 4653 suo
895 4607 1005 4670 tempo.
