3642 5510
493 519 514 568 ι
845 503 1203 578 veronese-epto

493 695 653 766 sectatam
675 715 789 762 rerum
811 695 970 762 notitiem
1003 717 1084 784 pree
1106 717 1142 762 se
1164 693 1361 778 ferentibus,
1383 694 1511 780 utens(
1533 694 1558 782 ).

537 811 664 880 Seriem
697 812 860 880 abbatum
892 811 1102 900 generalium
1134 809 1404 898 chronologicam
1436 809 1559 892 texuit,

493 927 613 1016 majori
644 927 762 995 ordine
795 949 834 994 eo
866 926 1055 1014 diligentia,
1078 927 1135 994 sed
1164 926 1280 994 eodem
1309 946 1461 993 sermone
1491 929 1561 1010 sty-

493 1045 602 1132 loque.

538 1157 576 1226 Si
608 1157 751 1226 formam
784 1179 865 1244 crgo
897 1155 1006 1224 nostri
1043 1185 1058 1216 ι
1087 1155 1278 1224 Ghronicon
1304 1185 1319 1214 ι
1358 1153 1559 1222 litterariam

494 1279 632 1363 spectes,
646 1295 755 1360 neque
770 1273 925 1356 latinum,
941 1292 1050 1360 neque
1064 1271 1242 1358 vulgarem
1256 1271 1359 1338 habes
1373 1269 1557 1357 eloquium;

494 1412 592 1478 saepe
605 1389 724 1477 utique
738 1388 919 1472 eruditum,
935 1408 1123 1474 numquam
1137 1392 1306 1470 ornatum,
1321 1386 1377 1454 vel
1390 1384 1560 1472 elegantia

494 1505 689 1573 conditum:
712 1503 742 1570 si
763 1525 845 1572 vero
866 1502 1062 1570 historicam
1083 1523 1197 1568 rerum
1218 1501 1397 1570 veritatem
1419 1521 1559 1588 quaeras

494 1621 603 1708 ipsam
625 1619 760 1707 quidem
783 1619 946 1702 invenies,
968 1619 1156 1686 multarum
1184 1639 1298 1684 rerum
1319 1617 1377 1684 sed
1401 1637 1471 1683 non
1493 1637 1560 1681 om-

494 1735 601 1820 nium,
624 1733 814 1822 congeriem
836 1733 1087 1821 indigitantem,
1110 1754 1253 1820 raroque
1274 1732 1391 1800 ordine
1413 1731 1558 1818 quodam

495 1850 692 1940 expositam.

539 1965 636 2044 Quod
664 1963 830 2054 judicium
863 1985 1008 2051 aequum
1037 1985 1108 2031 esse
1136 1963 1274 2054 cuilibet
1303 1993 1318 2022 ι
1334 1961 1522 2030 Chronioon
1538 1990 1552 2018 »

494 2080 639 2149 Antonii
661 2079 843 2168 Bergemis
864 2079 1001 2168 legenti,
1023 2079 1120 2148 fcoile
1141 2079 1281 2167 patebit.

530 2371 568 2441 (l)
585 2369 734 2442 Exemplo
752 2369 817 2426 sint
833 2368 909 2426 hacc
927 2369 989 2426 duo
1007 2369 1119 2426 verbe:
1140 2371 1261 2424 einccim
1279 2373 1313 2425 st
1330 2369 1437 2426 iecclic
1449 2369 1558 2441 (dono).

495 2460 611 2515 Simois
629 2459 713 2529 enim,
733 2457 785 2515 vel
801 2459 924 2530 cyrenis
941 2456 1088 2538 (σὺναξις),
1113 2475 1224 2530 graeca
1247 2458 1410 2532 positione,
1435 2473 1561 2530 congre-

494 2547 660 2620 gationem,
689 2547 741 2603 vel
763 2547 877 2618 locum,
901 2547 936 2602 in
960 2565 1021 2618 quo
1046 2547 1244 2620 congregatio
1271 2547 1439 2620 adunetur,
1467 2547 1561 2620 signi-

495 2637 575 2694 ficat.
591 2635 637 2693 Of.
653 2635 997 2706 Foncunn11t1·D1c-V1'r‚
1016 2636 1116 2692 Totius
1125 2635 1299 2693 Latinitatis
1311 2638 1448 2709 Leeicon,
1463 2635 1558 2706 Preti,

495 2723 742 2804 MDCOOLXXI,
762 2729 837 2780 tom.
853 2721 887 2792 V,
900 2723 963 2793 803,
982 2723 1033 2780 Ite
1051 2722 1144 2780 etiam
1162 2724 1316 2796 accipitur
1328 2743 1347 2781 a
1358 2725 1473 2782 Nostro
1485 2723 1559 2780 Ber·

494 2813 592 2886 gensi,
612 2812 758 2886 pluribus
775 2813 808 2868 in
827 2812 921 2869 locis:
943 2812 983 2868 ef.
1007 2812 1178 2884 Otroeicon,
1198 2832 1228 2886 p.
1250 2813 1294 2886 17,
1314 2815 1359 2884 24,
1379 2819 1439 2870 etc.

531 2901 613 2968 Quid
630 2907 737 2958 antem
753 2918 808 2975 per
825 2901 933 2957 iccclia
951 2901 1002 2972 (of.
1020 2901 1190 2972 Otroeioco,
1209 2920 1239 2976 p.
1260 2903 1307 2978 58)
1325 2903 1408 2976 apud
1418 2908 1560 2959 nostrum

496 2998 654 3049 auctorem
672 2990 879 3064 intelligatur,
904 2990 1054 3048 hebemus
1080 3009 1119 3048 ex
1137 2991 1268 3063 quodam
1293 2991 1362 3047 leco
1384 2991 1560 3048 Benvenuti

495 3079 668 3150 Imolensis,
692 3079 726 3136 in
750 3079 984 3136 Commentariis
1011 3097 1106 3152 super
1131 3080 1242 3136 Dentis
1266 3080 1450 3138 Comoediam
1474 3082 1558 3152 (Infi,

495 3167 602 3224 XXIV
604 3210 611 3239 ,
632 3169 704 3238 137).
724 3167 773 3224 Ibi
791 3168 873 3224 enim
891 3167 929 3224 de
947 3167 1080 3240 quodam
1091 3167 1200 3225 Venno
1213 3169 1330 3226 dicitur
1348 3170 1431 3242 quod
1448 3191 1464 3224 ‹
1483 3170 1516 3227 vi
1528 3177 1559 3226 et

495 3256 607 3314 fraude
624 3257 755 3314 intravit
771 3257 949 3314 sacristiam
966 3256 1067 3314 dictae
1085 3258 1251 3330 Ecclesiae,
1266 3263 1298 3315 et
1310 3259 1396 3315 illem
1415 3259 1560 3332 spoliavit

491 3347 629 3418 pretiosis
646 3346 784 3401 iocolr'toe
797 3365 823 3403 ›.
838 3347 880 3402 Et
896 3346 1011 3402 iterum
1023 3345 1060 3403 <le
1072 3346 1177 3402 erdem
1189 3364 1222 3403 re
1234 3347 1386 3404 habetur:
1408 3367 1423 3404 ‹
1435 3349 1557 3420 Tamen,

497 3434 571 3506 quia
587 3433 706 3490 factum
730 3439 807 3506 erat,
827 3440 1034 3508 portaverunt
1056 3435 1163 3490 iocclic
1183 3435 1251 3508 ipsa
1269 3435 1307 3492 ad
1325 3436 1450 3492 domum
1473 3437 1559 3493 illius

496 3541 546 3580 ser
570 3522 687 3580 Vincis
713 3522 828 3579 notarii
853 3529 911 3579 etc.
932 3541 957 3578 ›.
984 3523 1032 3579 cf.
1055 3523 1241 3594 Munarour,
1268 3523 1465 3596 Antiquitctee
1487 3527 1557 3581 Ital.

496 3612 592 3667 Medii
614 3611 698 3682 Aeci,
723 3611 749 3682 1,
776 3612 865 3684 10963
894 3613 1053 3668 Bullettino
1069 3613 1183 3669 Slorico
1210 3613 1359 3685 Pirlciere,
1388 3613 1448 3685 III,
1478 3615 1557 3683 1901,

496 3701 570 3756 fasc.
591 3702 618 3773 2,
638 3719 667 3774 p.
688 3700 732 3757 52.

531 3789 580 3844 Ex
598 3806 660 3860 quo
675 3789 741 3862 jam
765 3788 927 3862 colligitur
945 3807 1079 3863 quonam
1101 3807 1194 3849 sensu
1216 3791 1381 3866 Bargousis
1399 3797 1506 3850 noster
1523 3792 1559 3848 de

497 3877 630 3952 quodam
649 3878 814 3936 Francisce
832 3879 991 3952 scripserit
1003 3898 1009 3935 :
1030 3900 1045 3936 ι
1059 3885 1091 3938 et
1103 3880 1165 3937 elia
1176 3881 1282 3937 iocalia
1294 3880 1433 3939 sacristis
1448 3881 1481 3938 in
1494 3898 1558 3954 pre·

496 3964 667 4022 sentiarum
684 3966 820 4024 donavit.
841 3986 857 4021 ›
877 3967 1048 4042 Chronicoo,
1067 3988 1096 4043 p.
1117 3969 1161 4027 58.

532 4055 618 4111 Haec
643 4071 766 4128 quoque
793 4057 945 4114 monenda
969 4064 1066 4130 erant,
1088 4063 1134 4131 ut,
1153 4063 1305 4132 quantum
1329 4058 1362 4114 in
1386 4057 1476 4114 nobis
1498 4062 1555 4130 est,

497 4143 640 4202 omnibus
658 4143 751 4200 facile
768 4151 858 4216 esset,
873 4145 911 4203 de
929 4147 1072 4220 operibus
1091 4147 1220 4204 Antonii
1237 4145 1410 4219 Bergensis,
1425 4163 1559 4219 aequum

497 4233 579 4290 ferre
593 4232 762 4305 judicium5
783 4251 821 4291 ne
839 4234 905 4308 ipse
923 4235 1076 4294 immerito
1095 4236 1294 4311 lapidaretur,
1316 4241 1347 4292 st
1364 4253 1430 4307 nos,
1451 4240 1559 4291 contra

452 4335 462 4352 ·
496 4325 632 4380 mentem
657 4326 805 4396 nostram,
826 4323 864 4382 de
890 4323 1012 4382 incuria
1035 4325 1119 4383 haud
1145 4324 1311 4384 difficulter
1338 4323 1557 4400 reprehendere

497 4411 610 4486 cuique
628 4411 676 4470 fes
694 4415 784 4472 osset.
