3646 5520
509 537 551 600 54
868 539 1012 604 Antonii
1031 543 1219 617 tiarnensis

509 729 639 794 domino
651 747 733 810 papa
745 729 750 812 Ι
763 729 905 796 Martino
918 733 1042 813 quinto,
1055 734 1089 800 et
1102 735 1143 798 ab
1156 749 1195 798 eo
1209 735 1333 798 habere
1346 732 1575 800 auctoritatem

509 853 609 916 super
628 837 773 902 reforma
788 835 793 920 Ι
809 837 930 904 tionem
957 841 1089 904 ordinis.
1117 841 1252 904 Putavit
1272 841 1394 904 sosium
1416 842 1576 921 decipere,

508 943 543 1006 et
562 943 630 1023 lpse
650 943 804 1024 deoeptns
823 947 883 1008 est
900 943 906 1028 Ι
921 947 1003 1010 Nam
1024 947 1093 1026 ipse
1112 947 1248 1011 domnus
1268 947 1448 1012 cardinalis
1468 964 1577 1026 accep

507 1048 610 1122 tavit3
631 1049 681 1114 set
700 1066 760 1130 per
780 1051 930 1114 domnum
951 1067 1065 1132 papam
1082 1051 1087 1134 Ι
1104 1054 1282 1116 Martinam
1303 1053 1369 1116 dati
1391 1056 1469 1117 sunt
1488 1057 1574 1118 dom-

507 1171 579 1228 nus,
599 1156 779 1219 cardinalis
792 1157 909 1222 &note
922 1159 1035 1222 (trusis
1048 1159 1262 1238 supradictus,
1276 1161 1309 1223 ei
1327 1158 1332 1241 Ι
1347 1161 1483 1224 domnus
1498 1164 1574 1224 car·

506 1261 623 1326 dinalis
645 1263 749 1326 sancti
770 1263 916 1327 Marcelli
938 1263 996 1345 (l),
1017 1266 1071 1344 qui
1093 1267 1205 1330 essent
1238 1266 1481 1342 reformatores,
1512 1267 1546 1330 et
1567 1265 1571 1348 Ι

506 1365 706 1447 protectores
725 1369 858 1446 ordinis,
878 1371 1018 1436 durante
1039 1388 1152 1435 eorum
1174 1373 1243 1435 vita
1268 1373 1423 1436 naturali.
1445 1373 1485 1435 lit
1512 1373 1573 1452 ipsi

505 1491 609 1538 oonvo
624 1473 630 1557 Ι
645 1475 805 1539 caverunt
826 1476 1006 1556 predictum
1026 1478 1175 1542 abbatem
1188 1481 1222 1542 et
1242 1481 1345 1542 socios
1360 1483 1431 1557 ejus
1445 1480 1479 1542 et
1492 1479 1572 1541 alios

506 1581 616 1662 patras
636 1597 675 1644 or
690 1579 695 1663 Ι
711 1581 795 1644 dinis
815 1585 961 1646 Romam.
982 1585 1023 1646 Et
1044 1585 1088 1646 ibi
1107 1601 1227 1666 magna
1246 1585 1403 1648 discussio
1422 1585 1510 1648 laeta
1523 1586 1573 1648 est

506 1687 576 1752 iero
590 1675 648 1768 per
661 1686 665 1770 Ι
679 1689 747 1751 tres
762 1703 899 1752 menses.
910 1691 952 1752 nt
967 1690 1070 1768 primo
1080 1691 1292 1756 absolverunt
1305 1692 1410 1770 ipsum
1424 1691 1571 1754 abbatem

504 1795 545 1857 ab
575 1811 714 1858 exoomu
729 1793 734 1876 Ι
750 1795 915 1858 nicatione
935 1777 976 1859 ei
990 1797 1247 1878 irregularitate,
1266 1814 1348 1878 quas
1375 1799 1573 1871 incurrerat,

506 1901 639 1980 propter
668 1917 809 1981 procura
824 1901 829 1984 Ι
845 1903 967 1965 tionem
992 1903 1089 1966 offleii
1117 1904 1299 1968 abbatiatus
1325 1904 1443 1978 suini
1473 1921 1571 1982 supra

503 2007 653 2072 diximus.
679 2009 884 2072 Postmodum
914 2009 984 2074 ieoo
1004 2007 1009 2090 Ι
1029 2010 1110 2072 runt
1140 2011 1173 2073 ot
1203 2011 1441 2074 ordinaverunt
1471 2011 1569 2072 alium

504 2114 632 2177 modum
646 2115 681 2178 in
695 2115 855 2194 regimine
875 2115 1008 2188 ordinis,
1029 2131 1126 2194 quam
1143 2113 1147 2196 Ι
1165 2117 1256 2194 prius
1270 2117 1365 2180 esset.
1380 2117 1421 2178 Et
1435 2116 1499 2178 hoo
1513 2132 1570 2194 per

503 2220 608 2282 bullas
628 2237 704 2284 snas
719 2220 778 2302 (2),
808 2220 933 2284 soilioet
958 2221 996 2284 ut
1020 2221 1120 2284 abbas
1144 2223 1312 2302 generalis
1329 2221 1375 2284 ba
1391 2221 1395 2304 Ι
1410 2222 1485 2284 beat
1511 2239 1570 2284 sex

502 2325 606 2388 socios
626 2326 822 2400 visitatores,
842 2343 917 2390 oum
938 2327 1055 2406 quibus
1082 2328 1190 2391 omnia
1211 2328 1298 2390 iacta
1324 2328 1447 2391 ordinis
1468 2328 1571 2406 dispo

502 2434 569 2494 nat.
586 2430 591 2512 Ι
614 2432 655 2494 nt
675 2433 759 2510 quod
780 2434 921 2496 secundo
940 2449 1027 2497 anno
1047 2435 1137 2512 petat
1157 2434 1391 2497 absolutionem
1412 2435 1452 2494 ab
1466 2433 1569 2494 officio

502 2554 570 2610 suo,
591 2539 625 2600 et
644 2539 730 2618 quod
756 2539 933 2602 seeundum
950 2537 955 2620 Ι
970 2527 1099 2603 dicetur
1126 2540 1224 2618 prout
1244 2551 1332 2602 nuno
1357 2539 1403 2612 nt,
1424 2539 1458 2602 et
1477 2539 1515 2599 ut
1535 2538 1568 2600 in

501 2659 615 2707 eorum
636 2644 817 2722 privilegiis
831 2645 929 2708 latius
942 2661 1003 2708 oon
1019 2643 1024 2725 Ι
1041 2645 1167 2708 tinetur
1183 2643 1240 2728 (3),
1254 2645 1315 2707 Hie
1328 2645 1469 2708 secundo
1481 2660 1567 2706 anno

501 2749 597 2812 oilloii
617 2750 668 2812 sul
688 2749 782 2829 petiit
801 2749 1037 2814 absolutionem
1057 2751 1098 2813 ab
1119 2750 1232 2824 oiliaio,
1248 2749 1253 2830 Ι
1270 2752 1303 2812 et
1323 2750 1490 2814 absolutus
1509 2751 1567 2812 est.

500 2856 715 2936 Mortunsque
734 2857 785 2919 est
804 2871 844 2918 ao
863 2855 1011 2934 sepultus
1031 2856 1066 2919 in
1090 2856 1289 2920 monasterio
1318 2859 1395 2918 Mon
1410 2853 1416 2937 Ι
1432 2856 1474 2918 tis
1505 2855 1568 2918 oli·

503 2961 603 3042 [vnn
618 2960 677 3042 (s).

499 3261 580 3301 anno
599 3245 680 3314 1429,
700 3261 765 3300 uns
786 3242 880 3300 simul
898 3261 970 3300 oum
988 3243 1075 3300 Osrd.
1096 3243 1233 3300 Antonio
1252 3243 1375 3300 (iastino
1394 3241 1563 3314 (Cossinio),

499 3334 711 3390 declaratura
730 3331 864 3388 Martino
883 3331 1004 3404 quinto,
1024 3336 1203 3388 nostrarum
1221 3330 1488 3388 Constitutionum
1507 3329 1566 3384 Re·

499 3421 658 3491 formator,
669 3417 829 3490 Vidit-ator,
842 3417 1011 3490 Correotor,
1022 3435 1121 3491 usqne
1137 3418 1211 3476 dnm
1223 3423 1356 3474 aetatem
1367 3421 1504 3489 merent.
1517 3418 1566 3472 Ex

499 3525 561 3582 quo
579 3508 684 3580 hsbes,
704 3523 800 3579 quare
817 3505 900 3563 inter
924 3504 1133 3564 ordinationes
1150 3505 1248 3578 hujus
1272 3505 1419 3578 temporis
1442 3506 1566 3577 legatur

498 3595 694 3666 eonstitutio,
714 3611 754 3651 ns
771 3593 925 3667 generalis
943 3593 1038 3649 abbas
1056 3612 1075 3649 s
1092 3593 1200 3649 Monte
1218 3592 1339 3650 Olivsto
1352 3591 1463 3648 Maiori
1480 3592 1565 3646 ultra

497 3683 673 3741 Bmiliaris
690 3681 835 3754 disoedst,
855 3699 949 3754 quam
972 3679 1250 3738 chutusimorum
1273 3679 1404 3754 plsoitis,
1428 3680 1565 3735 multum

497 3773 618 3830 affinem
636 3789 726 3829 nemo
743 3789 807 3828 non
823 3770 919 3828 videt.
940 3789 956 3826 o
978 3767 1199 3826 constitutione
1222 3768 1389 3826 Ols'ostossos
1406 3769 1483 3824 ants
1500 3768 1567 3825 sus-

496 3867 613 3927 strotan
631 3859 657 3932 I,
677 3877 707 3933 p.
728 3871 823 3932 xv111,
842 3871 910 3914 xix.

531 3948 573 4021 (l)
591 3946 678 4004 osso.
699 3946 856 4004 Antonius
875 3945 1017 4003 Oasinius
1036 3945 1181 4019 (†1saa).

531 4038 572 4112 (2)
590 4035 841 4094 Beiormstionss
860 4033 1123 4092 eonstitutionum
1136 4031 1173 4088 ab
1192 4030 1277 4088 hisee
1290 4029 1411 4087 duobus
1423 4029 1565 4086 Cardine·

495 4125 580 4182 libus
598 4125 708 4196 laotos,
727 4123 885 4180 habentur
902 4121 935 4178 iu
953 4122 1112 4178 Briossus.
1133 4119 1235 4190 Onus,
1255 4118 1297 4189 11,
1304 4118 1362 4190 22,
1380 4116 1426 4188 24,
1446 4117 1492 4184 25,
1510 4117 1564 4172 tri-

494 4213 569 4288 plioi
587 4213 754 4286 diplomate
771 4229 843 4267 sun.
865 4209 945 4282 1450,
965 4209 1046 4281 1452,
1066 4208 1146 4264 1438.

529 4303 571 4376 (s)
590 4301 637 4358 (li.
656 4301 893 4369 Lenonoorrs,
913 4315 960 4370 op.
980 4298 1043 4368 sit,
1061 4297 1089 4368 1,
1108 4297 1155 4364 39,
1174 4294 1221 4350 so

530 4391 572 4465 (4)
589 4387 676 4445 Obiit
693 4404 773 4445 auno
792 4387 864 4442 1482
882 4385 1009 4460 (neret
1034 4384 1122 4453 olto,
1139 4381 1178 4438 sd
1196 4385 1332 4450 mum).
