3686 5552
446 537 602 583 ORIGINE
627 518 735 582 DELL’
750 509 891 582 oenias
916 536 956 582 DI
979 535 1246 584 MONTOLIVE'PO
1391 523 1432 580 61

264 757 299 816 di
323 755 556 833 Montoliveto‚
581 755 833 831 soggiungendo
857 756 938 831 ·que'
961 754 1065 814 adbuc
1082 761 1251 832 permonet
1267 790 1275 799 -
1290 753 1337 837 (¹).
1356 756 1434 834 Ora,

265 865 293 925 si
306 883 343 926 sa
355 865 415 924 che
427 867 546 939 questo
558 881 634 923 coro
647 881 754 923 venne
766 862 883 923 rifatto
896 863 930 924 di
943 880 1053 923 nuovo
1077 867 1167 924 sotto
1180 859 1256 924 l'ab.
1282 863 1435 940 generale

264 972 437 1031 Tourmaso
460 969 662 1030 Pallavicini
686 971 912 1048 (1503-1505),
945 987 1003 1045 per
1034 986 1135 1045 opera
1158 970 1211 1029 del
1235 970 1365 1030 celebre
1388 970 1434 1028 in-

263 1078 444 1138 tarsiatore
466 1079 533 1137 Fra
556 1077 726 1137 (liovanni
748 1078 791 1137 da
814 1077 958 1156 Verona,
990 1078 1049 1136 che
1080 1077 1112 1137 lo
1148 1078 1245 1152 porto
1272 1095 1292 1136 a
1315 1077 1433 1152 compi-

263 1189 374 1246 mento
391 1185 426 1246 in
442 1186 506 1245 due
529 1185 607 1244 anni
623 1182 672 1265 (²).
690 1185 756 1246 Per
772 1185 826 1244 cui
843 1185 871 1245 si
889 1186 953 1260 pub
969 1203 989 1244 a
1005 1185 1094 1245 bnon
1118 1185 1237 1245 diritto
1261 1185 1434 1245 efformare

314 1485 348 1556 (¹)
368 1483 409 1538 Le
429 1485 554 1538 testuali
572 1484 673 1554 parole
693 1499 767 1536 sono
786 1487 911 1554 queste:
941 1473 1096 1536 «chorum
1123 1484 1155 1536 in
1175 1482 1300 1536 ecclesia
1325 1481 1439 1536 Montis

260 1574 371 1629 Oliveti
390 1573 486 1628 eidem
505 1573 581 1627 satis
599 1573 835 1638 convenientem,
855 1571 909 1643 qui
927 1574 1024 1626 adbuc
1040 1575 1202 1642 permanet,
1221 1570 1314 1625 abbas
1327 1571 1375 1624 hic
1387 1568 1437 1644 [sc.

259 1664 400 1718 Nicolaus
419 1661 588 1736 Regiensis]
608 1665 742 1716 construi
761 1662 866 1716 fecit.»
893 1663 961 1717 coc.
982 1664 1024 1729 A,
1043 1660 1062 1714 f.
1081 1661 1124 1714 30.

312 1757 345 1818 Ρ)
365 1753 442 1807 Ecce
462 1755 489 1808 le
508 1754 609 1824 parole
620 1771 638 1806 a
652 1765 758 1824 questo
772 1753 925 1824 riguardo,
936 1754 990 1807 che
999 1769 1106 1823 possen
1117 1754 1241 1824 giovarc
1252 1752 1327 1822 apid
1340 1751 1436 1804 d'unoz

265 1844 416 1898 ‹Demum
435 1843 531 1898 adhuc
551 1841 719 1896 addendum
739 1849 820 1896 recte
840 1843 951 1913 aliquid
972 1841 1082 1896 divinis
1101 1841 1226 1896 aedibus
1236 1849 1323 1895 ratus
1336 1839 1437 1914 [abbas

259 1934 390 1988 Thomas
417 1933 454 1988 de
482 1929 693 2006 Pallavicinis],
714 1937 749 1986 ut
768 1931 860 2004 (quod
880 1949 915 1986 eo
934 1938 1060 1986 auctore
1078 1931 1143 1986 fieri
1164 1931 1277 2002 posset)
1296 1931 1339 1984 nil
1357 1947 1439 2000 pree·

259 2022 490 2088 termitteretur,
510 2019 676 2074 Salomonis
695 2021 823 2089 exempli
842 2037 900 2074 non
920 2021 1085 2088 immemor,
1112 2019 1268 2073 ecclesiam
1289 2023 1435 2088 quantum

259 2113 289 2164 in
309 2128 344 2164 eo
363 2109 423 2163 fuit
442 2127 550 2164 ornare
569 2113 696 2164 conatus
715 2117 770 2164 est.
792 2109 923 2164 Chorum
942 2109 1092 2178 videlicet,
1120 2110 1172 2179 qui
1198 2109 1257 2162 iam
1275 2107 1338 2162 iere
1357 2107 1436 2160 carie

259 2199 499 2264 consumebatur,
525 2204 560 2251 ut
578 2198 640 2252 Deo
660 2198 779 2269 Optimo
807 2197 938 2252 Maximo
966 2198 1037 2268 quid
1061 2204 1183 2268 gratum
1206 2202 1320 2267 ageret,
1348 2211 1436 2266 opere

258 2290 389 2342 mirabili
408 2288 633 2344 resarciendum
653 2295 684 2342 et
703 2290 733 2342 in
752 2305 863 2344 novam
881 2287 1009 2342 formam
1035 2286 1270 2342 restaurandum
1296 2287 1436 2353 curavit;

258 2385 293 2431 ut
312 2379 395 2432 locus
415 2378 465 2432 ubi
484 2377 566 2432 Deus
586 2377 632 2432 die
652 2384 801 2448 noctuque
821 2377 963 2431 laudatur
983 2377 1049 2447 (pro
1067 2376 1269 2439 viribussuis)
1288 2375 1436 2446 gloriosae

258 2469 412 2522 maiestati
431 2484 503 2522 suae
522 2469 705 2536 conveniret,
725 2485 760 2522 eo
779 2468 828 2522 vel
847 2469 976 2522 maxime
996 2468 1066 2538 quia
1085 2484 1144 2521 non
1164 2465 1323 2520 mediocris
1336 2465 1363 2518 ei
1376 2466 1436 2518 iue-

258 2563 308 2609 rat
327 2555 491 2610 comodites
510 2556 682 2611 venerabilis
700 2556 759 2611 viri
774 2557 883 2626 fratris
902 2556 1032 2612 ιῙοαηηί3
1056 2555 1247 2612 Veronensis:
1266 2555 1316 2624 qui
1330 2558 1361 2608 et
1373 2555 1436 2624 ipse

258 2645 507 2716 Congregationis
526 2651 648 2699 nostrae
667 2646 831 2700 monachus
850 2647 979 2716 lignario
998 2646 1188 2716 perspectivo
1207 2661 1295 2714 opere
1318 2649 1349 2697 et
1362 2641 1437 2696 seul·

258 2742 349 2804 ptura
377 2734 526 2804 lignorum
551 2741 582 2788 et
607 2735 849 2806 ingeniosissima
876 2736 1072 2789 commissura
1100 2751 1178 2787 unus
1206 2739 1272 2786 tota
1296 2731 1387 2785 Italia
1406 2737 1436 2784 at

259 2829 324 2876 toto
351 2822 415 2876 fere
443 2823 515 2876 orbe
543 2822 674 2895 vigebat.
705 2823 813 2893 Itaque
838 2826 922 2878 iussu
942 2822 1069 2894 praefati
1089 2823 1190 2876 domni
1210 2821 1337 2875 Abbatis
1357 2819 1433 2872 idem

258 2911 354 2966 frater
373 2911 506 2966 Jcannes
525 2928 599 2982 opus
618 2913 673 2966 hoc
693 2912 871 2972 (obedientia
900 2912 1010 2981 fretus)
1028 2913 1118 2965 hilari
1145 2911 1244 2964 fronte
1272 2926 1435 2981 aggressus

259 3002 428 3072 complevit,
456 3007 487 3055 et
515 3001 606 3071 (quod
634 3002 770 3056 mirabile
796 3002 913 3073 auditu)
943 3008 1063 3056 tanturn
1091 3018 1166 3072 opus
1184 3002 1261 3054 mira
1280 3001 1434 3054 celeritate

259 3093 368 3146 biennii
389 3094 487 3163 spatio
506 3093 580 3156 (Deo
598 3091 778 3162 opitulante)
798 3091 931 3162 perfecit.
957 3092 994 3146 In
1013 3110 1072 3163 quo
1092 3093 1171 3145 inter
1191 3097 1308 3146 ceteras
1328 3096 1390 3144 tem
1409 3107 1436 3142 a·

258 3183 341 3236 vium
360 3183 632 3252 nonnullorumque
652 3183 829 3236 animalium
858 3199 946 3252 quam
977 3184 1068 3235 etiam
1089 3181 1208 3235 aedium
1228 3181 1436 3250 plurimarum·
1502 3230 1508 3242 ,

258 3290 315 3342 que
333 3289 367 3325 ae
387 3272 541 3326 variarum
560 3287 660 3324 rerum
680 3271 832 3325 mirabiles
851 3273 1033 3325 coelaturas:
1053 3272 1084 3324 in
1104 3288 1231 3341 quarum
1251 3276 1374 3340 aspectu
1392 3271 1434 3323 in-

256 3363 408 3416 tuentium
418 3362 542 3416 obtutus
554 3365 637 3432 (prae
650 3361 825 3415 admirando
845 3363 947 3416 eximii
967 3363 1066 3433 operis
1081 3363 1293 3432 praeclaroque
1305 3360 1434 3415 artificio

257 3451 364 3514 delusit
385 3452 471 3522 quasi
491 3449 617 3504 deficere
637 3450 835 3506 videbantur:
861 3450 1040 3506 Sanctorum
1058 3452 1150 3504 etiam
1170 3451 1317 3521 Gregorio
1337 3450 1434 3520 Papae

258 3549 288 3594 et
307 3539 461 3594 Benedicti
481 3539 608 3594 Abbatis
628 3537 751 3610 effigies,
780 3557 871 3593 unam
892 3541 922 3592 in
942 3539 1060 3594 abbatis
1078 3541 1238 3610 generalis,
1257 3540 1384 3592 alteram
1404 3541 1433 3592 in

257 3631 372 3684 Prioris
391 3634 534 3684 consueta
554 3631 694 3696 statione,
713 3647 802 3700 opere
822 3630 1021 3684 subtilissimo
1035 3647 1068 3683 ac
1080 3631 1269 3700 perspectivo
1288 3631 1332 3683 ita
1350 3635 1436 3682 natu·

257 3720 336 3774 rales
350 3737 384 3772 ac
397 3726 598 3790 pervenustas
617 3719 774 3773 evidenter
794 3721 932 3786 inseruit,
946 3727 980 3773 ut
994 3721 1042 3774 vel
1062 3738 1099 3774 ex
1108 3720 1171 3788 hoc,
1193 3720 1330 3786 maxime,
1344 3737 1435 3789 quan·

257 3813 322 3860 tum
342 3808 373 3860 in
392 3806 565 3861 huiusmodi
585 3809 712 3861 scientia
730 3813 762 3862 et
780 3814 847 3862 arte
868 3815 898 3862 et
918 3809 1075 3862 excellenti
1094 3809 1214 3879 ingenio
1225 3809 1360 3878 polleret,
1380 3810 1435 3862 cla·

256 3914 324 3950 rum
343 3896 481 3950 omnibus
501 3897 692 3951 intuentibus
711 3915 745 3950 ac
765 3900 956 3968 perspicuum
975 3897 1075 3952 fuerit.
1095 3897 1151 3951 Sed
1165 3897 1244 3951 haud
1256 3897 1433 3952 mirandum.

258 3984 373 4038 Natura
393 4002 480 4056 saepe
500 3986 619 4054 saepius
638 3987 685 4039 cui
705 4004 800 4040 unum
820 3987 879 4039 alia
898 3989 990 4040 etiam
1010 3985 1087 4039 dona
1106 3985 1178 4040 dare
1198 3988 1288 4040 solita
1310 3993 1367 4041 est.
1395 3986 1436 4039 Si·

259 4073 379 4145 quidem
398 4076 446 4128 vir
471 4075 519 4128 hic
548 4075 730 4130 venerabilis
757 4075 852 4130 frater
871 4075 1014 4145 Joannes,
1042 4093 1102 4130 non
1128 4075 1287 4130 dumtaxat
1306 4077 1434 4148 lignario

258 4163 394 4217 mirando
421 4181 510 4234 opere
537 4171 673 4219 coeteros
701 4167 843 4220 mortales
872 4183 975 4220 omues
1003 4172 1146 4237 superat3
1175 4183 1280 4220 verum
1309 4167 1434 4220 scientie

257 4251 471 4305 architectoria
489 4257 521 4306 et
539 4255 699 4308 metallicis
718 4253 883 4308 formandis
911 4272 945 4308 ac
970 4257 1146 4309 marmoreis
1165 4255 1308 4310 cavandis
1327 4255 1433 4326 figuris

257 4343 367 4394 mirum
385 4343 416 4394 in
437 4342 558 4396 modum
577 4344 759 4414 praestabat,
789 4345 832 4397 ita
852 4350 887 4398 ut
905 4345 983 4398 alter
1003 4351 1033 4398 et
1054 4345 1172 4414 Apelles
1192 4352 1223 4398 et
1242 4345 1358 4416 Scopas
1385 4346 1433 4400 vel

257 4431 305 4500 (ut
323 4429 360 4484 ad
379 4437 500 4486 nostras
519 4435 687 4505 veniamus)
707 4435 784 4488 alter
804 4435 942 4490 Beselees
962 4434 1019 4488 dici
1040 4440 1150 4505 posset;
1170 4453 1258 4506 quem
1278 4435 1315 4489 ed
1327 4434 1435 4489 facien·

256 4519 327 4572 dum
346 4537 432 4575 omne
451 4539 525 4592 opus
545 4524 576 4576 in
595 4523 650 4576 Dei
671 4523 864 4578 tabernaculo
883 4525 1087 4579 necessarium
1106 4523 1431 4595 SpirituSapientiaea

258 4608 320 4662 Deo
337 4607 431 4664 fuisse
450 4611 597 4682 repletum
618 4630 703 4666 sacra
723 4619 828 4667 narrat
847 4614 1007 4669 historia.»
1033 4616 1102 4670 (lod.
1122 4617 1164 4682 A,
1184 4613 1202 4668 f.
1222 4615 1319 4668 (Μ’-45.
