3646 5520
724 477 905 552 Appendm
939 469 941 474 ’
1225 553 1237 561 ,
1307 477 1348 540 69

263 581 652 596 ψαι-

258 665 343 732 lere
367 671 518 732 volumus
539 670 572 734 et
598 671 714 734 tencre
741 671 812 735 sine
833 673 916 734 iuris
942 672 1120 751 preindicio
1145 672 1252 734 alieni.
1274 674 1345 734 Non

259 774 364 837 enim
385 791 444 854 per
464 777 534 856 ipsa
553 777 716 851 volumus,
727 794 788 841 nec
801 778 1008 852 intendimus,
1022 778 1236 857 preludicium
1250 778 1346 840 alicui

260 883 440 960 generari.
453 883 613 947 Addenles
627 885 710 964 quod
724 885 832 959 abbas,
843 882 1029 967 monac[b]i,
1043 885 1193 948 conversi
1208 885 1242 947 et
1255 885 1347 948 fami-

262 987 376 1054 liares
397 991 586 1054 monasterii
606 991 735 1070 prelati,
750 1007 816 1054 non
836 991 962 1070 possint
977 990 982 1072 l
998 1007 1059 1054 nec
1079 991 1217 1054 debeant
1234 1007 1347 1070 parro-

262 1092 413 1158 chianos
423 1097 781 1161 aliarumecclesiarum
791 1098 938 1177 recipere
948 1099 987 1160 ad
998 1097 1178 1172 divina,vel
1190 1097 1236 1161 eis
1247 1098 1347 1161 eccle-

263 1199 408 1266 siastica
421 1202 627 1267 sacramenta
640 1205 803 1279 conferre,
812 1206 882 1267 sine
895 1204 1027 1267 licentia
1040 1204 1178 1267 rectoris
1192 1219 1347 1281 expressa

265 1305 364 1370 illius
378 1308 522 1382 ecclesie,
537 1310 576 1372 de
589 1326 654 1388 qua
667 1310 778 1374 essent
791 1309 1011 1389 parrochiani,
1026 1309 1082 1388 ¹qni
1095 1310 1219 1373 vellent
1232 1309 1347 1371 audire

264 1414 450 1490 predicam,
465 1415 517 1477 vel
531 1415 600 1492 ipsa
613 1415 761 1494 recipere
775 1417 815 1478 ab
829 1415 958 1479 eisdem.
973 1419 1009 1476 In
1031 1415 1124 1488 cuins
1137 1413 1187 1477 rei
1203 1414 1347 1478 testimo-

265 1518 378 1593 nium,
395 1519 400 1600 Ι
416 1537 551 1598 presens
571 1522 777 1600 privilegium
799 1522 898 1584 scribi
926 1521 1150 1582 mandavimus
1176 1536 1236 1600 per
1262 1523 1346 1581 Gna·

266 1624 429 1704 dagnum,
450 1642 579 1691 camere
598 1629 712 1692 nostre
732 1627 881 1701 scribam,
895 1628 929 1690 ct
945 1627 1051 1690 nostri
1064 1626 1233 1705 pendentis
1247 1625 1346 1704 sigilli

142 1767 148 1778 ·
268 1732 455 1794 munimine
468 1733 629 1812 insigniri.
641 1767 678 1779 —
689 1733 806 1796 Datum
821 1734 854 1796 el
868 1733 977 1796 actum
991 1733 1025 1794 in
1039 1731 1172 1795 civitate
1185 1731 1300 1805 Arelli,
1311 1731 1346 1793 in

268 1837 346 1898 sals
358 1839 547 1918 episcopalis
560 1839 680 1919 palatii,
694 1841 754 1902 sub
774 1855 860 1902 anno
874 1839 1001 1902 Domini
1015 1855 1036 1901 a
1049 1836 1222 1901 nativitate
1242 1837 1344 1899 mille·

269 1942 357 2006 simo
370 1945 569 2020 coexvlnl,
582 1945 758 2009 indictione
771 1947 920 2019 secunda,
938 1943 942 2026 1
959 1946 1104 2023 tempore
1118 1943 1222 2008 sancli
1241 1941 1345 2023 patris

270 2047 384 2112 domni
404 2049 563 2113 Johcnnis
584 2068 665 2132 pape
680 2054 780 2124 XXll,
795 2051 847 2115 die
861 2052 948 2126 lunc,
962 2053 1070 2114 XXVI
1083 2050 1204 2114 mensis
1225 2048 1346 2122 martii,

272 2155 482 2232 presentibus
502 2157 659 2220 Bertuldo
678 2158 791 2220 Mescii
804 2158 843 2220 dc
858 2157 1052 2230 petramala,
1072 2157 1187 2222 domno
1206 2155 1345 2219 Virieno

273 2260 317 2324 dc
335 2263 456 2336 Dorne,
475 2263 592 2327 domno
612 2263 693 2327 Vico
713 2265 874 2342 quendam
894 2263 1001 2326 domni
1023 2262 1156 2325 orlandi
1177 2261 1217 2324 de
1230 2261 1343 2324 llber-

273 2367 386 2445 gottis,
407 2383 461 2431 ser
480 2370 607 2432 Donato
627 2369 777 2432 Mirancii
798 2369 908 2448 priore
928 2368 1039 2432 Sancti
1052 2368 1181 2432 Andree
1195 2368 1236 2430 de
1251 2366 1345 2429 Senis

276 2473 411 2536 cronno
427 2471 432 2554 Ι
448 2474 592 2547 diocesis,
613 2476 729 2538 domno
749 2475 852 2538 (liano
879 2477 1040 2554 quondam
1066 2474 1174 2536 domni
1195 2473 1286 2537 Verii
1304 2473 1344 2534 dc

275 2578 420 2652 cerchis,
433 2580 536 2644 Naldo
556 2581 595 2643 de
609 2580 825 2654 Gbirerdinis,
840 2582 927 2644 Mino
942 2581 1103 2660 quondam
1123 2578 1344 2643 noncialconis

275 2685 316 2748 de
335 2685 456 2759 Radda,
481 2687 514 2750 et
540 2701 596 2750 scr
620 2687 776 2752 Giuntino
801 2687 963 2766 quondam
988 2686 1116 2760 Mencii,
1141 2685 1277 2752 testibus
1302 2684 1343 2746 nd

277 2789 343 2854 hoc
361 2789 482 2854 habitis
502 2793 536 2855 et
556 2793 691 2871 rogetis.

315 2899 385 2976 Ego
404 2898 601 2977 Gundsgnus
622 2899 782 2978 qnondam
804 2914 859 2961 scr
878 2899 1008 2970 Giunte,
1029 2898 1128 2960 iudex
1146 2896 1342 2970 ordinarius,

276 3002 375 3082 atquc
394 3004 543 3066 notarius
562 3005 719 3068 Arctinns
739 3005 830 3078 civis,
849 3005 884 3068 et
903 3021 991 3066 nunc
1011 3003 1130 3083 prefati
1144 3002 1256 3070 ,domni
1277 3002 1343 3080 epi·

275 3109 364 3189 scopi
391 3109 498 3173 scriba
528 3111 684 3190 publicus,
715 3110 904 3190 prescriptis
934 3111 1221 3188 interfuisseque,
1251 3124 1344 3170 man·

275 3214 373 3278 dente
386 3215 471 3278 dicto
484 3217 664 3306 venerabili
677 3217 781 3296 patre,
795 3216 920 3295 scripsi,
934 3217 967 3280 et
982 3219 1016 3278 in
1030 3215 1190 3296 publicam
1202 3213 1340 3278 formem

276 3320 398 3400 redegi,
418 3321 549 3400 signum
568 3323 756 3402 apponendo
776 3322 944 3401 proprium
964 3322 1164 3386 consuetum.
