3646 5520
555 553 747 616 chronicon
767 553 892 616 Montis
917 553 1034 616 oliveti
1284 553 1326 616 55

721 854 861 916 XXXI.

299 1044 499 1123 Trigesimus
520 1045 644 1124 primus
664 1047 763 1110 abbas
782 1047 845 1110 fuit
867 1047 973 1110 frater
991 1047 1177 1110 ieronimus
1191 1046 1230 1108 de
1243 1049 1324 1111 Nea·
1384 1055 1471 1100 mI-

260 1151 334 1228 poli,
349 1149 354 1231 Ι
370 1152 426 1230 qui
440 1168 548 1229 supra,
563 1153 704 1214 secundo
724 1153 849 1216 electus
865 1153 924 1226 est,
938 1155 972 1215 et
984 1152 1117 1216 duravit
1136 1153 1231 1215 annis
1245 1169 1323 1230 qua·
1357 1127 1507 1240 {fflffi

259 1258 335 1318 tuor
350 1255 407 1337 (1).
433 1260 516 1320 Nam
541 1258 575 1319 in
600 1259 752 1337 capitulo,
767 1256 772 1340 Ι
788 1275 852 1338 quo
872 1259 995 1322 electus
1017 1259 1081 1332 est,
1108 1259 1330 1322 deliberatum
1365 1267 1492 1322 summu

258 1362 317 1435 est,
338 1363 421 1442 quod
435 1364 532 1426 abbas
545 1363 685 1436 habeat,
698 1366 838 1428 secundo
854 1363 858 1446 Ι
875 1366 926 1427 sui
946 1365 1042 1428 officii
1055 1381 1141 1427 anno
1155 1367 1323 1445 completo,
1357 1336 1498 1392 ‘¹⁴⁸¹'¹⁴³⁶''

259 1471 370 1548 petere
393 1471 628 1535 absolutionem
648 1471 689 1534 ab
708 1471 813 1534 officio
833 1487 901 1534 suo.
922 1470 1028 1553 Quodl
1045 1473 1072 1534 si
1092 1472 1234 1536 viderint
1258 1472 1324 1534 lra-

258 1577 335 1650 tres,
356 1593 423 1640 nou
442 1592 514 1641 esse
534 1577 641 1640 denda
661 1578 721 1640 sibi
742 1579 863 1651 munia,
883 1579 984 1656 possit
1004 1581 1037 1642 et
1057 1579 1172 1642 debeat
1189 1577 1193 1660 l
1209 1595 1323 1642 recou-

261 1681 394 1756 llrmari,
408 1699 468 1762 per
480 1683 568 1748 aliud
582 1698 721 1762 sequeus
742 1684 917 1754 biennium,
931 1681 965 1747 et
979 1685 1025 1747 sio
1042 1685 1126 1763 quod
1146 1684 1323 1763 capitulum

259 1805 381 1868 genera
396 1788 401 1871 Ι
418 1791 448 1852 le
469 1785 586 1854 fiat'de
607 1791 736 1854 biennio
757 1791 791 1852 in
813 1791 987 1854 biennium.
1009 1793 1092 1853 Nem
1114 1792 1205 1870 prius
1225 1791 1324 1855 debat

259 1895 435 1958 annuatim.
452 1894 456 1977 l
472 1897 576 1958 Huius
596 1897 750 1974 tempore,
765 1897 847 1960 idest
861 1913 948 1959 anno
968 1897 1081 1975 primo,
1096 1899 1224 1976 quidam
1240 1898 1324 1975 prio·

259 2017 311 2064 res
324 2003 359 2064 et
372 2002 502 2080 quidem
522 2003 583 2064 visi
601 2000 605 2083 Ι
621 2003 745 2064 tutores
765 2003 897 2076 ordinis,
911 2005 1033 2082 absque
1045 2003 1178 2066 licentia
1190 2003 1322 2081 capituli

258 2108 431 2186 generalis,
444 2109 478 2170 et
497 2109 678 2181 voluntate,
693 2106 698 2190 Ι
714 2109 976 2186 impetraverunt
996 2124 1016 2170 a
1035 2109 1116 2172 Sede
1129 2110 1322 2188 Apostolica,

258 2215 341 2294 quod
361 2215 401 2276 ad
422 2214 611 2278 electionem
631 2215 796 2294 generalis
812 2213 817 2296 1
832 2215 956 2278 abbatis
976 2214 1126 2288 flendam,
1140 2232 1205 2278 nou
1223 2216 1323 2278 habe·

258 2317 354 2402 re[nt]
376 2335 488 2383 vocem
509 2321 571 2382 nisi
585 2321 645 2383 soli
659 2321 785 2399 prelati.
799 2324 851 2382 Ex
865 2338 929 2400 qua
946 2337 993 2394 re,
1011 2320 1015 2403 l
1031 2338 1105 2384 cum
1119 2323 1159 2383 ad
1173 2323 1322 2384 notitiam
1382 2319 1473 2364 10111

258 2425 474 2488 multitudinis
487 2427 690 2504 pervenisset
704 2426 768 2489 hoc
781 2427 913 2499 lactum,
927 2427 1070 2490 maxima
1086 2425 1090 2508 1
1106 2429 1322 2492 murmuratio

257 2531 330 2594 orta
349 2533 401 2594 est
420 2532 455 2594 in
476 2531 599 2606 ordine,
612 2533 646 2594 et
665 2533 841 2610 tempestas
861 2533 979 2604 valida,
999 2533 1046 2594 ita
1062 2531 1066 2614 Ι
1084 2535 1120 2595 ut
1139 2534 1323 2612 periclitata

258 2638 299 2700 sit
319 2638 445 2717 religio.
465 2639 506 2699 ut
520 2638 658 2700 multum
671 2638 711 2702 de
724 2655 762 2701 ea
784 2639 1010 2712 dubitabatur;
1027 2637 1032 2720 Ι
1048 2640 1158 2702 tamen
1179 2640 1323 2703 bonitate

257 2743 314 2807 Dei
333 2744 368 2808 et
388 2743 771 2822 orationibus-bonorum
799 2745 941 2809 fratrum
968 2741 1081 2816 adiuta'
1098 2745 1149 2808 est
1168 2745 1203 2807 in
1224 2745 1298 2809 due.
1314 2743 1320 2826 Ι
1406 2781 1410 2790 ⁴

257 2849 339 2912 Nam
360 2849 399 2912 de
418 2848 483 2912 hac
502 2865 551 2923 re,
571 2865 631 2928 per
650 2849 776 2930 aliquos
796 2849 927 2924 iratres,
941 2850 1137 2929 appellatum
1151 2851 1201 2914 est
1213 2850 1254 2913 ad
1268 2853 1323 2914 Se-

256 2954 327 3017 dem
344 2953 349 3036 Ι
364 2955 587 3034 Apostolioam.
608 2957 666 3018 Gui
692 2957 825 3035 preerat
844 2957 1011 3034 Eugenius
1028 2956 1176 3036 quartus,
1189 2955 1223 3018 et
1242 2955 1323 3020 resi·

256 3060 397 3123 dentiam
418 3063 498 3123 tuno
512 3059 517 3142 Ι
532 3060 698 3124 Florentio
719 3061 858 3124 iaciebat
872 3060 937 3141 (2);
958 3061 993 3125 et
1012 3063 1106 3139 plura
1126 3061 1226 3126 allata
1245 3062 1323 3125 suut

257 3167 297 3228 ab
316 3166 457 3245 utraque
476 3166 578 3245 parte.
599 3169 681 3229 Nam
699 3165 816 3248 labben
838 3167 871 3229 et
890 3167 1001 3245 plures
1021 3167 1077 3228 alii
1104 3183 1148 3230 ex
1176 3168 1322 3246 patribus

257 3272 406 3349 petebant
426 3273 459 3334 et
480 3273 642 3346 volebant,
662 3273 747 3352 quod
766 3289 820 3336 res
837 3271 842 3354 Ι
858 3274 905 3335 sic
924 3273 1037 3345 staret,
1059 3273 1097 3335 ut
1110 3273 1320 3352 impetratum

257 3378 373 3441 dierat.
393 3378 457 3439 Alii
476 3395 566 3452 vero,
587 3395 631 3442 ex
650 3379 767 3458 quibus
793 3379 892 3458 aliqui
910 3378 914 3460 l
930 3379 1118 3442 visitatores
1142 3379 1176 3442 et
1195 3380 1322 3458 priores

258 3485 361 3556 eraut,
382 3485 416 3546 et
436 3500 531 3564 quam
558 3485 668 3562 plures
695 3484 936 3558 conventuales,
963 3484 1115 3548 nolebant
1131 3482 1135 3566 Ι
1151 3485 1321 3557 assentire,

258 3590 339 3668 quod
359 3589 399 3652 ad
420 3590 612 3654 electionem
631 3590 756 3652 abbatis
776 3591 1033 3654 excluderentur
1051 3606 1147 3654 voees
1172 3588 1318 3672 conveni

257 3695 357 3758 tuum.
378 3695 471 3761 Unde
496 3695 570 3776 post
589 3696 691 3759 multa
717 3695 930 3760 deliberatum
951 3695 1012 3770 est,
1031 3702 1091 3776 per
1117 3695 1226 3761 sedem
1245 3712 1320 3776 apo·

291 3957 332 4032 (1)
348 3959 378 4014 A
395 3957 544 4014 Kalendis
560 3957 635 4015 mafi
659 3958 728 4014 1481
753 3957 791 4015 ad
815 3957 1006 4014 Dominicam
1024 3957 1074 4014 111
1097 3963 1169 4031 poet
1189 3957 1316 4030 Pascha,

256 4045 291 4101 28
308 4045 381 4102 maii
400 4045 478 4102 1435.
500 4044 546 4102 cf.
567 4046 743 4102 Pomona.
765 4045 967 4118 Tun.,11,p.
988 4045 1051 4101 159.

289 4132 329 4205 (2)
347 4133 508 4205 Eugenius
525 4132 570 4190 1v
592 4131 760 4190 concilium
777 4131 969 4189 Florentiam
994 4132 1137 4190 Ferraria
1155 4133 1319 4190 transtulit

256 4237 305 4277 on.
325 4221 413 4294 14593
433 4221 500 4294 ipse
516 4237 591 4278 vero
607 4238 751 4278 summus
772 4220 918 4279 Pontifex
939 4221 1004 4294 jem
1022 4220 1198 4278 Florentiae
1221 4237 1319 4278 more·

255 4307 348 4366 betur
365 4327 383 4365 n
400 4308 449 4366 die
467 4311 503 4366 28
521 4309 611 4366 Junii
630 4328 679 4366 an.
699 4310 779 4366 1434.
804 4308 858 4381 Ost
876 4309 982 4365 Istorie
1002 4309 1035 4364 dt
1060 4309 1179 4365 lirense
1199 4307 1232 4364 in
1251 4308 1318 4366 Μυ-

256 4410 385 4469 aaroni,
404 4398 442 4454 R.
461 4397 489 4454 Ι.
509 4398 554 4471 ol,
574 4397 660 4470 XIX,
678 4397 742 4454 ete.
783 4427 787 4432 ·
