3642 5510
502 485 547 592 22
861 533 1005 598 Antonii
1024 537 1212 612 noroensis

502 741 592 806 papa,
609 725 614 808 Ι
630 729 686 807 qui
710 728 790 792 tunc
810 730 972 794 residebat
991 731 1154 808 irmioni,
1175 733 1317 798 libenter
1335 733 1480 812 petitioni
1509 749 1566 796 sue

501 851 649 898 annuens
667 837 771 900 conilr
787 835 791 920 Ι
808 839 910 902 mavit
924 841 1040 914 omnia,
1062 857 1124 921 quc
1138 843 1230 905 nobis
1250 843 1397 905 dominus
1411 842 1514 904 Guldo
1527 843 1566 904 de

501 941 594 1020 petra
620 945 706 1006 mala
732 945 879 1008 aretinus
895 945 900 1028 Ι
916 947 1084 1028 episcopus
1112 951 1305 1014 contulerat.
1331 953 1381 1013 lix
1408 952 1458 1012 sui
1485 965 1565 1014 voro

499 1049 672 1114 clementia
691 1053 882 1132 approbavit
901 1055 1001 1134 atque
1023 1056 1232 1122 confirmavit
1248 1058 1393 1121 ordinem
1408 1055 1566 1130 nostrum,

499 1157 685 1222 duodecimo
699 1161 855 1224 kalendas
869 1162 1036 1236 februarii,
1046 1165 1079 1226 in
1094 1165 1177 1228 testo
1193 1163 1198 1246 Ι
1214 1165 1416 1228 sanctissima
1429 1163 1564 1242 Agnetis

500 1265 640 1344 virginis
654 1268 687 1330 ei
701 1267 915 1348 martiris(l).
926 1270 985 1337 Qui
998 1270 1066 1333 dies
1077 1271 1161 1349 apud
1174 1269 1179 1351 Ι
1191 1287 1250 1332 nos
1261 1270 1493 1334 celeberrimus
1506 1269 1564 1330 ha-

499 1371 604 1434 betur.
619 1371 767 1434 Mortuus
788 1373 839 1435 est
857 1375 966 1437 autem
981 1373 1145 1453 predictus
1160 1377 1289 1438 Bernar
1304 1373 1308 1455 Ι
1324 1375 1392 1447 dur,
1407 1374 1563 1454 vigesimo

497 1479 659 1542 abatiatus
689 1481 738 1542 sui
770 1497 856 1544 anno
886 1483 930 1545 et.
946 1481 1082 1560 septimo
1103 1480 1162 1562 (2).
1193 1483 1270 1544 Post
1286 1479 1291 1562 Ι
1307 1482 1399 1544 cuius
1432 1481 1562 1554 obitum,
1583 1494 1585 1500 ’

497 1603 609 1650 omnes
629 1588 761 1651 abbates
782 1589 811 1651 ei
833 1591 1070 1662 successerunt,
1090 1588 1129 1652 ut
1152 1589 1289 1652 interius
1311 1605 1350 1667 pa
1366 1587 1371 1669 Ι
1386 1588 1476 1650 tebit.
1497 1587 1561 1649 Ista

497 1709 577 1756 vcro
598 1693 748 1772 superius
768 1694 863 1768 dicta,
884 1694 955 1758 ideo
980 1695 1178 1774 scripsimus,
1200 1695 1237 1757 ut
1256 1695 1310 1774 qui
1335 1693 1398 1756 hec
1414 1692 1418 1773 Ι
1435 1693 1561 1772 legerit,

496 1798 522 1862 sl
551 1798 715 1876 protessus
746 1799 856 1874 tuerit,
883 1801 1042 1880 regulam,
1069 1817 1167 1878 quam
1194 1801 1253 1878 ipsi
1285 1799 1422 1879 professi
1453 1797 1559 1878 suntl

495 1905 613 1984 pudeat
633 1907 685 1968 vel
707 1907 743 1968 in
761 1907 869 1986 aliquo
883 1923 938 1971 eos
959 1922 1024 1969 non
1045 1905 1185 1968 imitari:
1207 1907 1232 1966 si
1247 1906 1356 1968 autem
1374 1906 1538 1984 professus
1553 1903 1557 1985 Ι

494 2029 560 2076 non
585 2013 695 2086 fucrit,
719 2014 848 2077 studeat
874 2030 1011 2094 quoque,
1039 2014 1148 2078 seculo
1174 2015 1270 2092 terga
1296 2014 1409 2085 dando,
1434 2014 1558 2076 eosdem

495 2120 550 2181 imi
567 2117 572 2201 Ι
587 2121 669 2183 tari:
691 2121 717 2183 si
739 2121 778 2183 ad
799 2121 947 2200 gloriam,
968 2139 1033 2201 qua
1054 2121 1114 2200 ipsi
1134 2122 1302 2194 fruuntur,
1323 2120 1429 2200 placet
1446 2137 1558 2200 perre-

493 2225 576 2288 nire.
591 2227 686 2290 Nunc
698 2225 702 2307 Ι
715 2227 843 2306 quidam
858 2227 891 2288 in
906 2228 1156 2305 presentiarum,
1168 2242 1361 2306 quamquam
1373 2242 1439 2288 non
1452 2227 1556 2304 equali

494 2330 587 2393 modo
607 2330 644 2392 ut
665 2330 776 2408 patres
796 2331 911 2403 nostri,
927 2329 932 2411 Ι
948 2331 1058 2394 tamon
1082 2331 1246 2410 regularis
1270 2331 1479 2393 observantia
1498 2331 1558 2392 dis·

493 2436 591 2498 triete
604 2436 745 2499 tenetur.
760 2437 842 2497 Nam
856 2436 897 2496 ab
910 2437 1024 2514 ydibus
1037 2436 1041 2517 Ι
1054 2438 1246 2516 septembris
1262 2453 1364 2516 usque
1378 2438 1419 2499 ad
1432 2437 1556 2498 Domini

435 2529 438 2534 ’
492 2539 778 2603 Resurrectionem
792 2539 908 2602 cotidie
929 2539 1120 2614 ieiunemus,
1135 2539 1139 2622 Ι
1155 2542 1278 2603 nullam
1293 2541 1422 2619 penitus
1436 2542 1556 2604 violan-

491 2647 542 2708 tes
557 2645 839 2722 diem;,dumtaxat
852 2645 936 2708 diem
950 2645 1108 2708 Dominicl
1125 2647 1211 2708 Nata
1226 2644 1231 2726 Ι
1248 2646 1298 2707 lis.
1312 2647 1349 2708 In
1364 2663 1428 2726 quo
1441 2647 1556 2725 quippe

346 2748 396 2792 Μ
409 2751 429 2794 ⁷·
492 2753 532 2814 ob
558 2753 651 2814 tante
676 2753 910 2830 solempnitatis
941 2753 1171 2826 reverentiam,
1200 2753 1279 2814 mini
1300 2751 1304 2834 Ι
1325 2769 1377 2816 me
1403 2753 1557 2816 convenit

330 2835 442 2930 mim,
491 2857 665 2920 abstinere.
685 2859 789 2919 Porro
810 2858 839 2918 si
852 2857 925 2936 quis
938 2858 1155 2930 visitatorum,
1170 2858 1223 2921 vel
1238 2859 1335 2920 abbas
1356 2875 1440 2936 geno
1456 2857 1461 2938 Ι
1477 2859 1555 2920 ralis

304 2919 460 3038 ,ffiffi
490 2961 631 3039 aliquem
657 2962 767 3034 vellet,
795 2978 894 3024 causa
924 2963 1138 3035 necessitatis,
1166 2963 1219 3025 vel
1246 2963 1471 3034 recreationis,
1499 2979 1554 3025 seu

489 3066 588 3128 etiam
604 3063 608 3146 Ι
624 3067 783 3128 adventus
803 3067 1053 3144 peregrinorum
1073 3065 1214 3129 nstrum
1234 3067 1430 3144 dispensare,
1445 3069 1492 3130 eis
1506 3085 1555 3130 so·

490 3170 558 3232 lum
579 3171 712 3233 liceret:
733 3170 842 3233 tamen
870 3171 901 3232 id
922 3187 961 3233 ra
977 3169 982 3252 Ι
998 3188 1036 3234 ro
1057 3172 1104 3234 iit.
1132 3175 1291 3251 Tempora
1318 3188 1457 3251 namque
1483 3172 1555 3234 rin·

489 3275 603 3346 domic,
624 3275 784 3338 hactenus
804 3277 995 3339 consuetum
1015 3276 1079 3338 luit
1098 3276 1146 3338 dis
1163 3274 1167 3357 Ι
1184 3293 1331 3354 pensare,
1352 3277 1406 3338 ubi
1427 3278 1555 3356 oportet

489 3379 699 3442 vindemiare.
726 3379 801 3442 Istis
827 3382 936 3444 autem
962 3381 1182 3458 pretermissis
1212 3381 1332 3455 dicbus,
1353 3379 1357 3460 Ι
1378 3398 1439 3444 nec
1464 3383 1553 3460 prior

488 3487 594 3565 potest
613 3485 801 3566 dispensare
821 3487 1027 3565 conventum,
1048 3489 1170 3596 absque
1189 3487 1321 3552 licentia
1344 3487 1470 3552 abbatis
1489 3485 1550 3568 gel

522 3846 561 3918 (1)
579 3844 625 3900 of.
646 3842 799 3915 originale
818 3843 953 3917 diploma
970 3845 1004 3902 in
1021 3846 1177 3902 Bnarsrs.
1197 3845 1338 3919 Omrnr,
1358 3847 1384 3918 1,
1404 3847 1448 3904 16.

523 3933 563 4004 (2)
582 3931 666 3988 Obiit
682 3933 716 3986 B.
731 3933 765 3988 P.
779 3933 964 4004 Bernartius,
978 3933 1073 4004 Senia,
1088 3935 1262 4004 annulata,
1282 3951 1386 3991 mense
1404 3939 1552 4008 augusto,

486 4021 535 4078 bis
552 4021 598 4093 20,
618 4038 730 4092 magna
748 4027 824 4078 tuno
842 4022 1021 4096 pestilentia
1037 4029 1206 4094 grassante.
1226 4023 1391 4096 Bargousis
1409 4023 1550 4096 loquitur
1604 4078 1608 4081 .

485 4108 627 4180 inferius,
648 4107 777 4165 lusorie
799 4109 1016 4183 chronologica
1038 4111 1185 4167 abbatum
1206 4110 1408 4184 generalium,
1427 4110 1549 4184 (teipso

484 4200 519 4252 et
530 4195 608 4266 aliis,
622 4197 677 4267 qui
689 4213 760 4252 cum
772 4197 849 4268 ipso,
864 4197 969 4254 eodem
981 4203 1129 4272 tempore,
1148 4199 1252 4254 eodem
1270 4198 1412 4270 marbyrii
1423 4197 1546 4270 spiritu,

405 4293 407 4298 '
485 4283 652 4354 eodemque
676 4289 750 4338 actu
774 4284 935 4342 charitatis
959 4301 1032 4357 erga
1057 4287 1156 4342 Deum
1179 4291 1212 4343 et
1235 4285 1420 4358 proximum,
1445 4283 1549 4342 vocati

483 4369 573 4426 fuere
591 4369 629 4427 ad
647 4385 792 4427 coronam
809 4371 937 4444 gloriae.
