3642 5510
615 558 756 628 Antonii
777 561 964 630 noroensis
1224 571 1324 620 xxvn

305 748 370 814 ΠΙ.
385 789 430 798 -
444 748 611 816 Attamen
625 757 834 838 compertum
848 773 926 834 esse,
940 751 1143 835 Bargensem
1158 755 1323 831 nostrum,

252 861 440 949 juvenilem
468 863 577 930 adhuc
599 869 772 950 gerentem
795 870 949 948 aetatem,
974 863 1238 950 Congregationi
1265 864 1326 928 Bc·

257 976 458 1062 nedictinae,
482 978 538 1044 oui
559 1001 580 1044 a
601 979 718 1046 Monte
742 978 874 1046 Oliveto
897 979 1018 1044 titulus
1041 985 1101 1063 est,
1125 1001 1249 1044 nomen
1272 978 1327 1042 de·

258 1091 358 1176 disse,
380 1093 503 1160 scimus
525 1115 649 1160 omnes.
665 1095 717 1160 De
732 1095 804 1162 eius
814 1095 980 1182 tyrocinio
995 1095 1086 1160 inter
1100 1095 1228 1161 nobiles
1244 1094 1326 1161 novi

253 1208 388 1278 'ordinis
407 1213 544 1298 sodales,
560 1213 647 1280 nihil
662 1209 745 1282 certi
760 1221 909 1302 apparet.
926 1213 991 1281 Sed
1007 1237 1049 1280 ex
1064 1213 1201 1300 fastigio
1217 1213 1328 1299 digni-

258 1325 353 1410 tatis,
377 1349 443 1413 quo
465 1333 634 1413 evectum,
654 1351 810 1418 processu
832 1329 1001 1417 temporis,
1018 1328 1259 1410 enarrabimus,
1277 1350 1327 1392 ar-

258 1446 464 1524 gumentum
494 1465 624 1510 sumere
650 1443 749 1510 liceat
771 1445 813 1510 ad
836 1443 1071 1511 affirmandam
1093 1444 1199 1531 ipsius
1222 1442 1328 1507 animi

259 1558 508 1643 rectitudinem,
525 1559 774 1646 maximamque
790 1561 999 1627 constantiae
1015 1561 1187 1644 virtutem,
1205 1559 1328 1645 quibus

260 1693 324 1760 per
333 1672 450 1738 callem
461 1673 684 1760 perfectionis,
696 1680 786 1740 recto
797 1651 944 1757 tramite,
957 1675 1141 1740 ascendisse
1152 1674 1325 1738 credimus.

309 1786 345 1852 Si
374 1794 488 1854 autem
519 1789 561 1854 ad
592 1811 714 1855 nomen
738 1789 919 1875 Bargousis
942 1789 1115 1854 referenda
1137 1795 1188 1854 est
1210 1789 1328 1853 notula

263 1905 428 1990 quaedam
440 1905 477 1970 in
490 1905 631 1992 antiquo
652 1935 667 1964 ι
676 1905 874 1991 Neorclogio
889 1905 1067 1972 Olivetano
1078 1935 1091 1964 »
1101 1955 1108 1988 ,
1119 1909 1251 1970 constat
1262 1925 1330 1968 mo-

263 2018 411 2084 nachum
433 2025 587 2086 nostrum
602 2025 684 2087 vota
698 2019 845 2086 emisisse
861 2041 951 2086 anno
968 2020 1064 2104 1414,
1081 2019 1134 2084 die
1149 2019 1265 2085 vero2
1286 2017 1329 2082 fe
1425 2059 1430 2070 ·

264 2135 393 2201 bruerii
407 2137 471 2218 (l):
494 2136 584 2222 quod
599 2136 735 2223 quidem
749 2135 787 2202 in
809 2136 951 2202 dubium
966 2137 1106 2202 minime
1120 2135 1326 2203 vocandum:
1349 2211 1352 2218 Ι

264 2269 346 2314 nam
368 2255 403 2314 et
424 2271 514 2316 anno
531 2250 617 2314 1415
629 2249 701 2336 jam
716 2250 960 2316 adnumeratur
974 2251 1065 2316 inter
1080 2249 1328 2316 Conventuales

264 2361 445 2430 Monachos
467 2363 664 2430 monasterii
685 2363 856 2430 florentini
879 2364 995 2430 Sancti
1014 2364 1167 2430 Miniatis
1183 2365 1239 2451 (2).
1255 2364 1327 2429 Hoc

265 2484 380 2545 autem
396 2484 566 2546 testantur
581 2479 758 2566 scriptores
773 2481 965 2567 synchroni,
983 2481 1052 2567 qui,
1067 2481 1218 2568 quolibet
1229 2501 1328 2564 anno,
1386 2469 1389 2474 ’
1466 2453 1468 2457 ¹
1553 2518 1564 2538 .

265 2614 286 2657 a
309 2591 465 2680 Capitulo
488 2591 638 2679 generali
660 2591 883 2679 eligebantur,
907 2593 974 2661 viri
989 2593 1082 2660 omni
1096 2593 1162 2660 fide
1177 2594 1274 2679 digni
1289 2616 1330 2658 ex

263 2709 508 2796 probatissimis
523 2709 898 2797 praestantissimisque,
912 2715 951 2776 ut
963 2710 1175 2796 singulorum
1191 2709 1331 2775 nomina
1386 2692 1390 2698 ’

266 2825 556 2892 monachorumin
568 2827 722 2914 apposito
733 2827 852 2910 codice,
870 2827 924 2892 cui
936 2826 1059 2892 titulus
1081 2854 1095 2883 ι
1107 2824 1331 2890 Familiarum

266 2941 441 3026 Tabula»,
453 2942 554 3030 juxta
568 2941 837 3027 designationem
853 2941 1003 3028 Capituli
1019 2947 1052 3007 et
1068 2941 1214 3007 Abbatis
1235 2963 1332 3027 gene·

265 3060 353 3144 ralis,
377 3059 613 3128 describerent:
639 3081 726 3146 quae
748 3081 828 3126 vero
855 3089 869 3117 «
895 3037 1325 3124 Familiamm'Tabulaes

265 3176 405 3263 proinde
427 3175 611 3242 maximam
635 3173 701 3239 sibi
722 3173 899 3240 vindicant
922 3168 1167 3240 auctoritatem.

310 3291 370 3358 IV.
387 3331 432 3340 -
447 3290 481 3358 A
503 3285 717 3357 monasterio
729 3290 909 3358 florentino
932 3290 1047 3356 Sancti
1062 3289 1224 3373 Miniatis,
1242 3311 1332 3356 anno

269 3407 366 3492 1416,
390 3406 595 3474 transfertur
609 3406 700 3473 inter
715 3405 963 3476 Conventuales
979 3405 1095 3472 Sancti
1111 3405 1275 3470 Bernardi
1292 3405 1333 3469 de

270 3524 389 3592 Aratio
401 3525 460 3614 (3),
476 3530 511 3591 ct
526 3528 617 3591 anno
635 3523 720 3588 1417
737 3523 917 3590 interillos
933 3524 1055 3610 regalis
1070 3523 1211 3590 eoenobii
1226 3525 1334 3591 Bono-

302 3797 342 3870 (1)
360 3797 428 3852 Hoc
447 3797 614 3869 Neorolopii
627 3797 774 3852 Oliuetooa'
784 3795 940 3867 exemplar
950 3800 1111 3851 exaratum
1120 3795 1184 3852 fuit
1193 3813 1231 3853 ex
1240 3797 1333 3855 Libro

269 3885 383 3942 Montis
402 3885 517 3942 Oliveti
535 3885 671 3957 Majoris,
692 3901 792 3956 usque
811 3884 849 3940 ad
868 3889 983 3940 annum
1002 3885 1080 3955 1520,
1094 3903 1148 3957 per
1163 3885 1202 3940 fr.
1217 3887 1334 3942 Lucam

269 3973 306 4030 de
324 3973 472 4047 Bononia,
499 3974 553 4046 qui
577 3973 655 4030 obiit
673 3973 770 4046 Senis,
791 3973 971 4044 annorum,
997 3979 1181 4046 procurator
1199 3974 1332 4031 Ordinis

271 4063 359 4118 Anno
378 4068 482 4119 autem
495 4062 574 4132 1452,
589 4061 655 4135 ipse
668 4063 705 4119 ad
718 4079 831 4119 nomen
845 4061 1015 4118 emortuale
1033 4062 1160 4120 Antonii
1171 4063 1335 4136 Bargousis

270 4150 438 4224 adnotavit,
458 4151 519 4207 alio
534 4151 638 4208 tamen
649 4157 833 4223 atramenta
849 4171 863 4206 a
878 4151 1037 4223 professus
1051 4153 1131 4225 1414,
1145 4151 1334 4225 2februarii,

271 4237 462 4296 Bononiae»,
589 4279 595 4290 .

306 4327 346 4403 (2)
364 4329 576 4386 ranimirum
588 4329 722 4386 'Panum
733 4329 769 4386 ab
780 4347 807 4384 a.
820 4329 889 4384 1379
900 4329 938 4385 ad
950 4329 1031 4400 1458,
1043 4329 1086 4400 ΙΙ,
1097 4346 1124 4383 a.
1137 4330 1217 4402 1415,
1228 4347 1258 4402 p.
1271 4331 1333 4386 121.

308 4415 537 4490 (3)an1a1nn.
560 4417 650 4490 Tua,
672 4419 715 4492 H,
736 4437 765 4492 p.
788 4418 850 4474 123.
