3686 5552
433 549 589 597 emenus
613 531 721 596 nucc’
736 548 877 596 orimus
902 548 941 594 m
967 547 1232 596 nourocrvsro
1378 537 1420 594 91

252 771 356 851 gnati,
380 766 430 830 eh’
440 787 539 831 erano
563 765 692 830 l’nbnte
715 769 753 830 B.
778 768 948 829 Bernnrdo
972 768 1128 848 Tolomei,
1154 767 1239 828 frate
1262 767 1420 848 Patricio,

251 896 415 939 emesser
438 878 571 938 Donato
595 877 629 937 di
657 876 828 954 Mirancio,
862 874 1019 935 canonico
1050 870 1081 934 d'
1099 876 1235 952 menno,
1268 877 1421 950 presente

253 986 339 1046 frate
362 984 560 1064 Venturino,
585 1002 604 1045 e
628 987 779 1060 presteto
802 982 1010 1058 giuramento
1037 1001 1055 1041 «
1072 982 1173 1042 tactis
1197 981 1373 1057 scripturis
1389 999 1420 1061 »,

247 1331 346 1384 eodem
365 1329 419 1397 die,
431 1327 625 1383 incontinenti
641 1330 708 1397 post
725 1325 936 1396 susceptionem
954 1325 1079 1393 babitus,
1094 1329 1187 1396 proni
1204 1342 1297 1396 supra
1317 1326 1348 1380 in
1359 1343 1426 1396 pro·

246 1419 328 1474 ocimo
346 1421 401 1472 nrt.
420 1418 574 1474 dicerunt.
595 1415 771 1486 Internopoti
789 1415 820 1469 in
839 1431 897 1486 qno
916 1418 984 1482 loco,
1004 1413 1240 1486 responderunt:
1263 1445 1294 1455 -
1315 1414 1426 1485 inipso

246 1511 306 1562 loco
321 1507 534 1578 fnstipotorum
555 1507 661 1562 Sancte
685 1503 861 1574 Trinitatis).

319 1596 404 1663 Item,
424 1594 504 1666 quod
525 1594 597 1648 dicti
616 1593 712 1648 freter
732 1591 912 1659 Bernnrdus,
930 1592 1026 1648 frater
1042 1593 1191 1646 Patricius
1204 1599 1236 1646 et
1249 1593 1345 1646 freter
1359 1592 1427 1646 Arn-

247 1685 394 1756 brosgius,
415 1685 530 1738 monaci
550 1683 622 1737 dieti
652 1683 827 1737 monasterii
858 1682 995 1753 professi,
1024 1680 1175 1754 genuflexi
1203 1681 1339 1735 feceruut
1361 1682 1426 1736 obe-

247 1774 392 1829 dientiam
411 1774 580 1827 manualem
599 1772 679 1827 dicto
699 1772 807 1825 domno
827 1770 948 1826 Vicerio'
965 1772 1121 1842 recipienti
1143 1787 1195 1841 pro
1215 1769 1294 1824 dicto
1317 1769 1425 1824 domno

247 1863 403 1934 Episcopo,
421 1868 453 1917 et
471 1861 574 1916 futuro
593 1861 702 1916 abbate
721 1861 794 1916 dicti
814 1862 998 1928 monasterii,
1019 1859 1168 1915 mictendo
1187 1877 1293 1914 manus
1311 1878 1382 1915 sues
1395 1862 1426 1914 in

247 1971 355 2008 merrus
374 1953 445 2008 dicti
466 1952 583 2020 Vicerii,
605 1959 640 2006 ut
658 1953 750 2006 moris
770 1957 825 2006 est.

317 2041 579 2117 [Responderunt:
599 2059 666 2096 cern
686 2058 752 2110 esse,
771 2041 986 2112 quiescerent
1009 2043 1165 2111 proceritas,
1185 2041 1251 2112 ipsc
1276 2044 1303 2094 et
1326 2042 1426 2095 eodem

246 2133 293 2188 die
320 2135 477 2188 declarato.
508 2132 683 2202 Interropati
699 2131 727 2185 si
754 2132 789 2184 de
818 2130 953 2185 omnibns
980 2130 1170 2200 supradictis,
1197 2133 1241 2184 vel
1265 2131 1300 2184 de
1325 2129 1425 2200 atiquo

243 2222 444 2294 predictorum
460 2223 578 2291 facturn
597 2221 658 2290 fnit
683 2221 919 2286 instrumentum,
945 2219 1184 2290 responderunt:
1214 2251 1245 2260 -
1276 2222 1355 2292 qnod
1373 2220 1425 2286 sic,

247 2311 385 2378 videlicet,
403 2313 482 2382 qnod
499 2313 535 2365 de
562 2309 762 2366 commissione
780 2313 860 2378 suen
888 2309 921 2364 in
945 2310 1077 2379 dopmno
1105 2311 1265 2364 Iohannem
1291 2309 1428 2380 supradi-

248 2404 327 2455 ctum
351 2418 406 2471 per
433 2403 574 2456 domnion
602 2399 777 2471 episcopum,
802 2399 915 2467 facturn
932 2398 997 2468 snit
1014 2399 1242 2454 instrumentum
1261 2415 1354 2454 monn
1373 2399 1427 2455 Ser

253 2489 415 2559 Gundopni
432 2488 552 2544 Notarii
564 2492 634 2543 tnnc
647 2488 719 2542 dicti
730 2487 833 2542 domici
852 2487 995 2558 Episcopi
1003 2503 1015 2555 ,⁸
1033 2489 1068 2542 de
1087 2486 1164 2554 aliis,
1185 2486 1334 2556 dixerunt,
1348 2490 1427 2559 qnod

250 2581 330 2648 sacto
358 2578 481 2648 suerunt
509 2577 724 2644 instrumento,
751 2579 803 2632 sed
830 2593 890 2632 non
917 2594 948 2630 re
965 2579 1110 2632 ceduntur
1142 2594 1233 2631 rnorrn
1263 2577 1351 2632 cuins
1381 2595 1428 2631 no

252 2665 344 2736 tortis.

321 2753 406 2821 Item,
426 2752 504 2823 quod
523 2753 650 2824 predicti
669 2752 763 2807 freter
783 2752 963 2818 BernerduS,
983 2751 1077 2806 frater
1097 2751 1247 2807 Patricius
1274 2759 1305 2806 et
1329 2752 1425 2806 irater

249 2841 461 2912 Ambrosgius,
481 2843 596 2896 monaci
610 2841 682 2896 dicti
693 2843 868 2896 monasterii
888 2847 1086 2912 portaverunt
1106 2842 1240 2912 pubblice
1260 2841 1427 2913 predictum

252 2931 388 2987 habitum
408 2931 618 3002 professorum,
639 2943 670 2986 et
688 2937 842 3003 tamquam
861 2933 976 2986 monaci
997 2930 1123 3002 professi
1151 2931 1222 2986 dicti
1252 2933 1427 2986 monasterii

249 3022 385 3094 pubblice
405 3039 436 3077 se
456 3029 625 3094 gesserunt,
644 3028 676 3077 et
693 3021 830 3076 fecerunt
850 3022 949 3074 omnin
968 3037 1025 3090 que
1045 3020 1170 3092 professi
1190 3021 1305 3075 monaci
1324 3019 1421 3074 iecere

248 3117 469 3166 consueverunt
487 3113 518 3165 in
538 3110 618 3164 dicto
638 3112 828 3178 monasterio,
847 3111 878 3163 in
897 3111 1021 3164 ecclesia
1041 3111 1113 3164 dicti
1133 3111 1315 3178 monasterii,
1338 3111 1420 3165 etin

248 3200 328 3255 dicto
347 3202 529 3256 monasterio
549 3206 580 3254 et
599 3206 694 3269 extra,
722 3205 755 3256 et
776 3199 917 3254 membris
936 3201 1008 3268 eius,
1039 3201 1147 3272 viginti
1176 3202 1265 3254 annis
1291 3201 1426 3270 proxime

249 3291 410 3361 preteritis,
431 3296 462 3344 et
481 3292 571 3360 ultre,
591 3297 622 3344 et
641 3291 684 3344 sic
703 3290 800 3344 habiti
820 3295 892 3344 sunt
912 3294 943 3343 et
962 3291 1101 3360 reputati,
1122 3295 1153 3344 et
1172 3290 1320 3344 habentur
1339 3295 1370 3343 et
1383 3307 1425 3344 re·

248 3385 395 3450 putantur
415 3398 432 3434 a
451 3380 604 3451 gentibus,
624 3379 740 3450 publice
760 3385 791 3433 et
810 3380 927 3434 notorie
948 3385 979 3432 et
1000 3378 1165 3434 manifeste.

319 3465 578 3542 [Responderuntz
597 3501 632 3508 —
651 3485 719 3522 cero
739 3485 797 3523 esse
816 3467 916 3522 omnio
945 3471 972 3522 et
989 3467 1116 3538 sinpclo,
1146 3472 1173 3522 et
1199 3469 1241 3523 sic
1260 3472 1302 3523 est
1315 3467 1428 3538 pubbli-

248 3575 315 3613 cum
334 3562 361 3612 et
378 3558 524 3614 notorium
542 3559 677 3630 pentibus
690 3561 717 3612 et
729 3557 898 3628 conspectui
915 3557 1066 3612 bominum
1086 3558 1201 3630 ubique,
1220 3559 1273 3629 qni
1291 3557 1426 3612 riotitiom

247 3649 384 3704 nocerent
400 3648 608 3718 predictorum,
628 3649 701 3702 odeo
719 3649 799 3719 qnod
811 3651 894 3702 nullo
912 3651 1006 3718 potest
1025 3647 1259 3717 terpicersntione
1277 3647 1385 3718 celcris.

319 3739 406 3807 Item,
426 3739 504 3810 quod
523 3739 559 3794 de
579 3739 722 3810 predictis
743 3744 774 3792 et
792 3738 927 3809 quolibet
946 3738 1149 3808 predictorum
1168 3737 1226 3791 fuit
1245 3744 1276 3792 et
1304 3743 1352 3792 est
1376 3755 1427 3809 pu·

247 3829 323 3884 blica
344 3847 408 3897 vox,
428 3835 459 3884 et
478 3829 564 3884 ieme.
584 3829 712 3884 Nomine
734 3846 804 3884 vero
824 3830 949 3884 testium
970 3833 1042 3884 sunt
1061 3829 1124 3896 hec,
1156 3828 1305 3897 videlicet,
1330 3828 1426 3882 t'rnter

247 3917 420 3974 Bernerdus
439 3917 531 3974 sbbes
550 3919 716 3989 supradicti
738 3919 921 3986 monasterii,
940 3917 1035 3972 freter
1056 3918 1206 3972 Patricius
1225 3917 1425 3988 supradictus,

247 4006 374 4062 domnus
393 4008 530 4062 Donatus
550 4007 689 4061 Mirencii
708 4007 874 4062 canonicus
895 4007 1049 4075 Aretinus,
1067 4005 1121 4060 Ser
1142 4007 1264 4062 Lendus
1283 4007 1425 4078 cappellu-

246 4113 303 4152 nus
323 4097 417 4167 plebis
435 4096 542 4152 Sancte
562 4097 658 4152 Merie
679 4096 714 4151 de
735 4098 848 4150 Aretio.

318 4183 576 4259 [Responderunt:
597 4216 630 4228 -
649 4188 728 4258 qnod
746 4187 781 4240 de
799 4185 857 4240 biis
875 4202 931 4256 qne
950 4185 1093 4241 dixerunt
1120 4189 1162 4240 cst
1176 4184 1298 4256 publico
1324 4201 1382 4240 von
1399 4189 1427 4240 et

242 4276 338 4345 fania,
357 4280 384 4330 et
401 4278 473 4332 odeo
490 4281 561 4332 sunt
576 4276 697 4348 publica
716 4280 742 4330 et
760 4275 876 4331 notorio
905 4277 984 4346 qnod
1009 4279 1093 4331 nnita
1109 4279 1237 4346 possunt
1260 4275 1427 4344 terpiversa·

247 4364 323 4420 tione
341 4365 450 4435 αἰανῆ.

318 4453 547 4510 Naturelmeute
567 4455 594 4509 le
613 4454 804 4524 depositioni,
834 4455 883 4508 nel
903 4471 1049 4526 processo,
1079 4453 1205 4510 essendo
1232 4452 1308 4509 fatte
1328 4454 1366 4509 de
1386 4473 1426 4510 uu

247 4544 420 4598 testimonio
440 4561 491 4615 per
511 4547 603 4613 volte,
622 4562 696 4600 sono
716 4546 747 4598 in
767 4545 937 4616 singolere:
957 4545 975 4598 l'
986 4543 1123 4598 abbiamo
1143 4561 1240 4599 messe
1260 4545 1287 4597 el
1300 4545 1426 4615 plurale,

246 4647 299 4700 per
317 4630 510 4704 gundo-gnere
529 4635 638 4704 specie,
664 4650 679 4688 e
700 4633 806 4703 percite
826 4649 891 4688 esse
911 4650 985 4688 sono
1006 4631 1238 4704 perfettemente
1259 4630 1287 4685 d’
1301 4632 1426 4688 necorde
