3642 5510
471 555 492 616 6
830 554 974 616 Antonii
993 555 1180 628 doroensis

284 765 443 810 scurranu-
471 763 557 822 sans,
583 747 759 810 anhelabat
787 747 836 828 (a)
865 749 904 810 ad
933 747 1044 812 celesti
1060 747 1064 829 Ι
1081 765 1110 810 a.
1137 747 1179 808 Ei
1206 763 1242 810 sa
1268 745 1363 808 simul
1391 762 1412 806 a
1438 744 1536 823 nugis

284 837 443 882 '‘mm“
470 854 671 917 secularibus
692 855 882 930 alienantes,
910 861 975 920 Deo
994 856 1122 920 tonanti
1144 853 1232 920 servi
1249 852 1254 934 Ι
1270 869 1308 916 re
1333 851 1535 931 satagebant.

285 909 399 954 recedunt.

469 958 524 1021 Sat
538 959 689 1037 quoniam
704 961 816 1034 multa,
834 978 854 1023 a
874 961 1062 1024 concivibus
1083 961 1160 1034 suls,
1181 959 1244 1024 hec
1265 959 1326 1022 lide
1343 957 1347 1040 Ι
1363 959 1441 1022 liter
1460 973 1537 1036 ope·

468 1063 589 1140 rantes,
617 1065 826 1142 patiebantur
850 1067 1087 1144 impedimenta,
1115 1067 1321 1130 secesserunt
1336 1063 1383 1144 (o)
1399 1064 1439 1126 ad
1466 1064 1537 1126 loca

468 1169 563 1232 solita
580 1168 584 1251 l
600 1171 651 1233 ria
671 1172 862 1252 cogitantes,
882 1189 947 1234 non
968 1189 1040 1236 esse
1059 1171 1167 1234 tutum
1188 1171 1377 1234 cohabitare
1404 1184 1536 1248 serpen·

467 1274 493 1336 ti
509 1273 567 1354 (1).
589 1275 721 1355 Quippe,
747 1277 863 1340 nobilis
880 1275 884 1358 Ι
901 1257 1099 1349 Bernardus,
1127 1273 1410 1358 pulc[h]errimum
1436 1275 1534 1353 possi·

467 1379 563 1440 debat
582 1395 710 1458 agrum,
725 1381 758 1444 in
774 1397 855 1460 agro
875 1383 1021 1454 Senensi,
1039 1379 1043 1462 1
1059 1382 1196 1446 Aretine
1210 1381 1364 1444 nimirum
1378 1379 1533 1459 dyocesis,

468 1484 525 1562 qui
546 1484 679 1548 circiter
700 1486 882 1565 quindecim
904 1488 993 1550 milia
1006 1488 1046 1550 ab
1062 1488 1142 1550 urbe
1158 1485 1162 1568 l
1179 1487 1262 1550 situs
1276 1487 1336 1560 est,
1350 1486 1384 1548 in
1398 1486 1532 1564 quodam

468 1589 547 1650 villa
561 1591 763 1668 parvissima,
780 1591 909 1670 [vulgo]
926 1592 1012 1656 diota
1026 1595 1146 1656 Accua.
1161 1593 1199 1654 lu
1214 1608 1278 1670 qua
1292 1593 1347 1670 qui
1363 1590 1368 1671 l
1384 1591 1456 1654 dem
1469 1591 1534 1653 ter·

468 1711 561 1758 reum
582 1697 777 1762 laudaverat
797 1700 962 1780 palatium,
984 1701 1068 1780 quod
1085 1701 1126 1762 ad
1146 1715 1281 1778 presens
1301 1699 1403 1762 extat.
1419 1694 1531 1776 Anno}

468 1803 586 1884 itaque,
607 1805 647 1867 ab
668 1805 832 1870 incarnati
852 1808 952 1870 Verbi
979 1807 1162 1882 nativitate,
1183 1804 1385 1889 mi[l]lesimo
1408 1805 1534 1868 trecen-

467 1909 583 1970 tesimo
609 1909 709 1973 tertio
725 1909 729 1992 l
746 1911 869 1974 decimo
885 1911 943 1992 (2),
972 1911 1091 1991 prelati
1121 1930 1141 1975 a
1171 1913 1231 1976 deo
1260 1911 1369 1974 dilecti
1399 1911 1464 1972 viri
1494 1909 1534 1971 ad

468 2016 648 2094 predictum
675 2018 781 2081 locum
808 2019 984 2092 venerunt,
1012 2036 1085 2082 oum
1103 2017 1107 2100 l
1124 2019 1319 2082 utensilibus
1345 2017 1391 2099 (c)
1413 2017 1535 2080 suiset

467 2123 569 2195 libris,
596 2124 634 2184 ut
662 2126 728 2186 Deo
757 2123 902 2186 sedulum
930 2125 1128 2188 exhiberent
1155 2127 1336 2190 servitium.
1359 2125 1444 2188 Labo
1461 2123 1465 2206 l
1481 2139 1534 2186 ra·

467 2231 546 2292 bant
567 2245 704 2308 quoque,
725 2231 901 2292 secundum
923 2232 1059 2310 apostoli
1080 2235 1274 2312 exemplum,
1296 2233 1443 2296 manibus
1457 2232 1534 2304 suls,

467 2341 514 2410 ut,
534 2355 577 2400 ex
598 2353 695 2415 opere
711 2335 715 2418 l
733 2339 885 2412 manuali,
906 2339 1030 2402 victum
1050 2341 1111 2402 sibi
1139 2342 1359 2405 necessarium
1387 2340 1533 2419 acquire·

467 2447 552 2508 rent.
582 2446 711 2508 Etenim
738 2463 804 2508 non
829 2447 953 2510 sufficie
969 2447 973 2529 Ι
990 2449 1046 2510 bat
1065 2449 1122 2527 eis,
1143 2451 1255 2528 utpote
1277 2451 1358 2512 viris
1379 2448 1532 2521 delicatis,

467 2553 662 2631 noviterque
689 2569 733 2615 ex
760 2555 877 2632 Egipto
904 2556 1059 2632 egressis;
1087 2557 1157 2618 tum
1174 2555 1178 2636 l
1195 2573 1239 2618 ex
1267 2554 1534 2635 possessiunculis

370 2677 392 2706 m
432 2685 439 2694 ·
467 2661 628 2723 Bernardi
649 2661 776 2739 prefati,
796 2662 865 2723 tum
887 2679 930 2724 ex
945 2663 1109 2726 exercitio
1129 2663 1282 2736 manuali,
1299 2662 1303 2743 l
1320 2662 1533 2724 sufficientem

467 2767 527 2828 sibi
548 2767 773 2830 necessilatem
795 2769 980 2846 carpebant.
1001 2771 1074 2832 Non
1095 2769 1198 2831 multo
1218 2784 1298 2831 vero
1325 2770 1413 2830 inter
1429 2766 1433 2847 l
1449 2766 1533 2828 iecto

466 2875 622 2952 tempore,
646 2875 837 2938 abiecerunt
867 2875 1064 2938 vestimenta
1094 2876 1264 2972 secularia,
1295 2874 1467 2938 induentes
1498 2891 1532 2935 se

467 2978 688 3042 honestiorem
716 2980 880 3052 habitum:
905 2981 1103 3058 deponentes
1133 2981 1232 3043 etiam
1253 2980 1383 3058 caligas,
1404 2979 1532 3042 calciati

467 3086 545 3147 sunt
575 3087 760 3164 calepodiis;
791 3088 901 3165 sicque
922 3086 1147 3166 paupertatem
1169 3087 1255 3148 ultro
1275 3087 1426 3164 amplecti
1451 3087 1533 3149 nite·

467 3189 596 3252 bantur.
617 3195 654 3253 In
675 3193 823 3255 oratione
843 3193 973 3266 assidui,
994 3193 1029 3253 in
1050 3192 1179 3255 silentio
1201 3192 1343 3264 maximi,
1365 3193 1398 3254 et
1412 3192 1450 3253 ad
1466 3195 1531 3254 Deo

467 3298 577 3360 laudes
592 3299 789 3360 reddendum
804 3299 930 3362 alacres
950 3299 1062 3362 erant:
1083 3316 1225 3362 exerceri
1243 3298 1247 3380 l
1264 3299 1313 3362 tes
1334 3300 1369 3360 in
1390 3300 1527 3378 quadam

467 3405 591 3482 capella
605 3404 664 3484 (3),
684 3405 722 3466 ut
742 3405 857 3467 melius
877 3407 1039 3484 poterant,
1060 3422 1157 3486 quam
1182 3407 1241 3485 ipsi
1268 3407 1532 3478 construxerant,

504 3661 544 3730 (o)
563 3661 654 3716 Text.
667 3663 706 3718 A:
722 3661 903 3718 antelatam.
917 3691 953 3703 -
965 3663 1001 3735 (d)
1021 3661 1110 3720 Text.
1125 3663 1164 3717 B:
1180 3665 1321 3720 sederunt.
1335 3695 1370 3705 -
1385 3666 1421 3738 (c)
1441 3665 1531 3721 Text.

467 3747 508 3803 B:
529 3749 745 3804 atanahillr'bna.

501 3885 542 3960 (1)
562 3887 710 3960 Superius
729 3895 871 3946 enarrata
889 3891 926 3946 ab
946 3895 1072 3947 auctore
1085 3897 1202 3964 nostro,
1216 3892 1319 3950 fusius
1332 3898 1533 3966 exponuntur

466 3975 499 4030 in
520 3973 627 4032 Cicron.
651 3977 787 4050 Cometa,
808 3978 864 4034 fol.
884 3979 911 4051 2,
933 3997 1015 4052 seqq.

461 4085 463 4088 ·
503 4064 543 4137 (2)
562 4063 612 4120 Ita
631 4082 735 4121 omnes
755 4065 809 4137 qui
827 4072 934 4136 postea
952 4069 989 4124 de
1008 4069 1040 4124 Β.
1060 4069 1208 4125 Bernardi
1228 4069 1427 4126 conversione
1440 4071 1534 4143 scrip·

467 4156 585 4207 serunt.
606 4153 653 4209 Of.
671 4151 777 4210 Girba.
795 4153 930 4227 Concell„
944 4155 999 4212 fol.
1014 4157 1032 4212 4
1038 4175 1045 4229 ;
1060 4158 1297 4232 Lamounm‘rm,
1311 4159 1460 4214 Historiae
1476 4159 1533 4213 Oli-

467 4245 596 4311 oetanoe‚
616 4239 766 4314 Venetus,
786 4243 866 4316 1623,
887 4262 919 4316 p.
938 4246 969 4316 ὃς
991 4251 1050 4302 etc.

503 4327 543 4400 (3)
562 4328 699 4384 Putatur
722 4329 820 4387 fuisse
840 4333 1010 4390 cratonum
1028 4335 1057 4390 S.
1073 4335 1439 4396 Scholasticaedicatum.
1455 4336 1532 4393 Nam

467 4419 500 4471 et
517 4416 583 4488 ipse
600 4416 733 4475 Michael
752 4420 892 4494 Angelus
910 4421 1138 4481 Bonhavertius
1151 4424 1197 4480 ita
1208 4422 1332 4481 scribit:
1348 4443 1407 4480 c...
1423 4424 1451 4482 ai
1463 4439 1532 4481 cou-
