3646 5520
555 531 745 597 Otronlcou
764 533 890 596 Montis
907 533 1031 596 olivet
1252 515 1266 621 'x
1281 536 1322 596 43

256 728 524 794 constitutionum
540 727 545 810 Ι
561 727 684 792 ordinis
711 729 745 794 et
775 728 822 792 sic
845 727 980 791 fuerunt
1006 728 1154 792 correcte
1177 729 1213 791 et
1239 730 1322 793 ordi-

256 837 343 910 nate,
363 852 450 899 anno
469 835 597 899 Domini
612 834 617 917 Ι
635 837 721 910 1392,
734 851 795 916 per
814 835 991 914 capitulum
1009 837 1173 914 generale.
1187 835 1248 899 Hic
1260 836 1323 899 luit

257 944 313 1006 uir
331 943 425 1006 ualde
444 941 535 1005 utilis
560 943 666 1005 ordini
682 941 686 1024 Ι
703 942 825 1005 nostro.
847 944 1023 1021 Exemplar
1047 942 1082 1004 in
1109 943 1266 1017 omnibus,
1287 944 1321 1005 in

258 1049 354 1129 gestu
373 1050 519 1130 corporis
538 1050 571 1113 et
585 1049 750 1130 gravitate
764 1050 768 1130 Ι
785 1065 921 1112 morum.
935 1049 1052 1112 Gravis
1071 1049 1213 1128 aspectu,
1227 1065 1322 1128 appa·

259 1156 365 1228 rentie
391 1156 600 1230 venerabilis,
625 1155 658 1218 et
685 1172 738 1218 ma
754 1155 758 1237 Ι
774 1172 840 1236 gne
863 1155 1082 1221 observantie.
1105 1156 1166 1218 Hic
1190 1156 1322 1218 ornavit

259 1262 450 1342 religionem
476 1263 625 1342 plurimis
653 1262 697 1326 ho
712 1260 717 1344 Ι
735 1263 837 1326 restis
865 1279 903 1326 ac
926 1261 1051 1326 deuotis
1075 1262 1261 1326 cerimoniis
1288 1262 1322 1324 et

258 1369 550 1442 constitutionibus,
571 1369 708 1432 dilectus
728 1368 991 1451 almultitudine
1015 1367 1165 1432 fratrum.
1193 1369 1321 1431 Invisus
1381 1386 1430 1430 ru.
1444 1388 1476 1430 n.

258 1475 447 1554 quibusdam
468 1476 615 1556 patribus
635 1476 769 1538 ordinis.

724 1725 860 1787 XVIII.

298 1920 447 1983 Decimus
467 1918 601 1982 octavus
620 1919 718 1981 abbas
736 1918 798 1980 luit
817 1918 923 1982 frater
943 1918 1140 1981 Laurentius
1154 1921 1214 1980 Ser
1227 1917 1323 1982 Nico·
1383 1927 1473 1970 xlm·

259 2029 300 2090 lai
317 2027 322 2110 Ι
338 2027 377 2090 de
397 2026 539 2099 PerusIo,
554 2026 588 2089 et
601 2025 732 2087 duravit
744 2025 839 2087 annis
859 2025 965 2087 tribus
980 2023 1037 2105 (l).
1059 2025 1163 2086 Huius
1176 2025 1322 2102 tempore
1359 2000 1499 2115 ζζζξζζζζζ

259 2134 470 2197 constitutum
487 2131 491 2213 Ι
507 2133 671 2210 estquod
691 2132 801 2192 nullus
821 2131 927 2194 frater
947 2131 1071 2194 habens
1096 2132 1259 2193 licentiam
1281 2132 1321 2193 ab
1366 2141 1489 2184 Perusinus

259 2241 373 2304 abbate
393 2239 446 2301 vol
467 2237 597 2301 visitato
618 2235 623 2318 Ι
644 2253 690 2311 re,
711 2237 861 2314 replendi
875 2238 916 2298 ad
930 2236 1116 2315 capitulum,
1137 2253 1202 2298 non
1223 2237 1322 2315 possit
1358 2209 1502 2268 (¹³⁹³'¹³⁹⁶)'

258 2346 333 2426 eligi
355 2361 414 2423 pro
434 2360 513 2407 voce
530 2342 534 2424 Ι
551 2344 601 2405 sui
615 2343 804 2418 conventus,
818 2344 859 2406 ad
873 2343 1014 2405 eundum
1027 2343 1067 2405 ad
1081 2343 1275 2422 capitulum;
1289 2343 1322 2405 et

259 2453 321 2516 hoc
333 2451 468 2532 propter
480 2451 637 2524 fraudem,
650 2449 654 2531 Ι
668 2466 730 2528 que
750 2450 858 2530 posset
871 2449 953 2512 fieri.
967 2451 1049 2513 Item
1063 2449 1125 2510 iuit
1138 2450 1322 2512 ordinatum

259 2559 294 2622 in
313 2559 464 2638 capitulo,
485 2558 568 2637 quod
581 2557 617 2620 in
633 2557 723 2620 resec
739 2555 743 2637 Ι
760 2556 844 2619 torio
865 2557 904 2618 ad
925 2557 1165 2628 comestionem,
1188 2557 1323 2634 quilibet

259 2666 363 2728 irater
375 2663 514 2728 haberet
528 2664 707 2742 portionem
720 2663 849 2740 plactan
866 2662 870 2744 Ι
886 2663 931 2726 tie
944 2663 983 2724 de
997 2676 1056 2740 per
1070 2679 1113 2724 se.
1129 2664 1210 2724 Nam
1225 2664 1322 2724 antea

259 2772 380 2834 duobus
401 2771 557 2832 iratribus
579 2770 674 2832 simul
695 2769 842 2854 dabatur.
860 2767 864 2850 Ι
881 2769 941 2831 Hic
962 2769 1024 2830 fuit
1048 2769 1102 2829 vir
1127 2769 1268 2847 prudens
1289 2768 1323 2830 et

261 2878 368 2940 zelans
388 2893 446 2955 pro
459 2877 581 2940 ordine.
603 2877 663 2938 Hic
684 2876 760 2938 fecit
775 2873 779 2956 Ι
797 2875 935 2937 sundere
954 2874 1108 2952 palatium
1130 2875 1213 2954 quod
1235 2890 1322 2935 nunc

262 3157 539 3216 constitutionibus
566 3157 617 3214 vel
644 3157 720 3213 aliae
738 3155 1006 3228 qualitercumque
1025 3156 1157 3228 quesite,
1187 3156 1242 3212 ubi
1268 3173 1323 3229 per

260 3247 370 3304 futura
393 3253 540 3318 tempora,
560 3245 593 3302 in
611 3245 731 3318 prefato
752 3247 858 3301 nostro
882 3245 1068 3300 monasterio
1093 3244 1210 3301 dictum
1232 3263 1322 3316 gene·

260 3337 324 3392 mle
347 3335 526 3408 Capitulum
544 3339 614 3390 tute
632 3334 735 3390 valeat
759 3332 927 3405 celebrari,
954 3333 1007 3389 sed
1024 3332 1130 3406 potius
1150 3334 1225 3391 t'reti
1240 3333 1322 3406 juris

261 3423 400 3482 comunis
426 3423 560 3480 remedio
584 3441 622 3479 ex
644 3422 744 3478 forma
769 3421 892 3478 consilii
918 3439 1011 3492 super
1036 3421 1093 3477 teli
1118 3421 1247 3478 materia
1268 3439 1323 3495 per

259 3513 339 3588 juris
363 3511 480 3586 peritos
501 3511 576 3582 dati,
599 3511 714 3567 clarius
735 3511 912 3584 apparenti5
940 3510 1069 3583 scilieet,
1091 3511 1173 3592 quod
1193 3511 1226 3566 in
1248 3528 1322 3567 casu

260 3601 407 3676 predicto,
426 3600 547 3673 quando
561 3618 622 3656 non
635 3605 738 3673 potest
757 3599 905 3656 celebrari
923 3599 1102 3672 Capitulum
1114 3599 1147 3655 in
1159 3599 1322 3672 principali

261 3689 445 3747 monasterio
463 3694 570 3745 nostro
594 3693 719 3760 propter
736 3686 954 3760 impedimenta
977 3705 1170 3760 guerrarum,
1193 3688 1242 3744 vel
1260 3687 1321 3744 alio

262 3778 554 3852 quomodocumque,
568 3783 645 3833 tuno
664 3776 812 3833 celebrari
829 3776 928 3850 possit
940 3781 971 3832 et
983 3775 1092 3833 debeat
1109 3776 1142 3832 in
1160 3776 1229 3833 loco
1248 3776 1319 3846 alio,

261 3868 341 3924 dioto
361 3866 546 3924 monasterio
558 3865 682 3922 subdito
701 3864 821 3921 tutiori.
836 3865 966 3921 Presens
984 3871 1126 3921 nostrum
1143 3865 1322 3936 Capitulum
1367 3913 1370 3920 ,

261 3956 402 4028 generale
420 3955 452 4011 in
470 3956 538 4012 loco
557 3961 589 4012 et
607 3954 793 4010 Monasterio
817 3952 923 4009 Sancti
940 3953 1098 4010 Benedicti
1120 3953 1156 4010 de
1175 3953 1319 4025 Pistorio,

261 4044 350 4101 dietis
368 4043 530 4121 principali
547 4043 735 4100 Monasterio
754 4046 786 4098 ot
804 4042 910 4098 Ordini
927 4041 1052 4099 subdito
1071 4048 1102 4098 et
1114 4042 1214 4112 unito,
1233 4041 1321 4098 duxi-

262 4150 340 4205 mus,
366 4137 522 4205 tamquam
542 4131 576 4188 in
602 4133 671 4188 loco
690 4136 771 4203 tuto,
790 4135 884 4204 prout
902 4130 939 4187 de
960 4130 1033 4202 jure
1052 4135 1083 4186 et
1100 4130 1184 4186 facto
1208 4130 1320 4187 melius

261 4221 426 4292 valuimus,
446 4220 724 4278 celebrandum...
740 4239 765 4276 r.

296 4311 382 4383 (1)A
400 4311 472 4367 Kal.
499 4309 572 4367 maii
596 4311 676 4382 1393,
697 4310 735 4368 ad
753 4309 825 4366 Kal.
852 4309 946 4366 maias
971 4309 1049 4365 1396.
1074 4308 1120 4366 cf.
1144 4309 1318 4364 Prummu.

262 4397 348 4471 Tan,
368 4399 410 4472 II,
430 4417 459 4473 p.
479 4401 531 4472 33;
552 4399 665 4472 Tortor,
686 4416 730 4470 op.
750 4399 809 4470 cit,
830 4417 858 4470 p.
879 4397 924 4454 31.
